<?xml version="1.0" encoding="UTF-8"?>
<!DOCTYPE html PUBLIC "-//W3C//DTD XHTML 1.0 Transitional//EN"
    "http://www.w3.org/TR/xhtml1/DTD/xhtml1-transitional.dtd">
<html xmlns="http://www.w3.org/1999/xhtml" xml:lang="en" lang="en">
 <head>
  <title>
</title>
<meta http-equiv="Content-Type" content="text/html;charset=utf-8" />
  <meta name='ocr-system' content='tesseract 3.04.00' />
  <meta name='ocr-capabilities' content='ocr_page ocr_carea ocr_par ocr_line ocrx_word'/>
</head>
<body>
  <div class='ocr_page' id='page_1' title='image "bibliothecareru02jaffgoog_0572.png"; bbox 0 0 3046 4980; ppageno 0'>
   <div class='ocr_carea' id='block_1_1' title="bbox 320 229 1299 298">
    <p class='ocr_par' dir='ltr' id='par_1_1' title="bbox 320 229 1299 298">
     <span class='ocr_line' id='line_1_1' title="bbox 320 229 1299 298; baseline 0.003 -5"><span class='ocrx_word' id='word_1_1' title='bbox 320 245 487 293; x_wconf 80' lang='lat' dir='ltr'>oancoan</span> <span class='ocrx_word' id='word_1_2' title='bbox 511 247 557 293; x_wconf 90' lang='lat' dir='ltr'>vn</span> <span class='ocrx_word' id='word_1_3' title='bbox 580 247 766 293; x_wconf 77' lang='lat' dir='ltr'>amsuonan</span> <span class='ocrx_word' id='word_1_4' title='bbox 790 246 1108 294; x_wconf 69' lang='lat' dir='ltr'>coruscaturum.</span> <span class='ocrx_word' id='word_1_5' title='bbox 1232 229 1299 298; x_wconf 83' lang='lat' dir='ltr'>bbb</span> 
     </span>
    </p>
   </div>
   <div class='ocr_carea' id='block_1_2' title="bbox 125 385 1388 1170">
    <p class='ocr_par' dir='ltr' id='par_1_2' title="bbox 125 385 1388 1170">
     <span class='ocr_line' id='line_1_2' title="bbox 127 385 1388 474; baseline -0.002 -21"><span class='ocrx_word' id='word_1_6' title='bbox 127 385 228 453; x_wconf 87' lang='lat' dir='ltr'>oratio</span> <span class='ocrx_word' id='word_1_7' title='bbox 249 385 283 451; x_wconf 94' lang='lat' dir='ltr'>in</span> <span class='ocrx_word' id='word_1_8' title='bbox 306 392 480 472; x_wconf 88' lang='lat' dir='ltr'>peccatum,</span> <span class='ocrx_word' id='word_1_9' title='bbox 504 392 640 454; x_wconf 89' lang='lat' dir='ltr'>testante</span> <span class='ocrx_word' id='word_1_10' title='bbox 655 386 792 454; x_wconf 91' lang='lat' dir='ltr'>Domino</span> <span class='ocrx_word' id='word_1_11' title='bbox 807 407 864 473; x_wconf 89' lang='lat' dir='ltr'>per</span> <span class='ocrx_word' id='word_1_12' title='bbox 879 387 1083 474; x_wconf 89' lang='lat' dir='ltr'>prophetam:</span> <span class='ocrx_word' id='word_1_13' title='bbox 1106 391 1300 456; x_wconf 79' lang='lat' dir='ltr'>Maledicam</span> <span class='ocrx_word' id='word_1_14' title='bbox 1318 396 1388 452; x_wconf 76' lang='lat' dir='ltr'>loca</span> 
     </span>
     <span class='ocr_line' id='line_1_3' title="bbox 126 500 1300 592; baseline 0.004 -24"><span class='ocrx_word' id='word_1_15' title='bbox 126 502 229 588; x_wconf 90' lang='lat' dir='ltr'>inquit</span> <span class='ocrx_word' id='word_1_16' title='bbox 251 505 515 570; x_wconf 77' lang='lat' dir='ltr'>benedictionidaa</span> <span class='ocrx_word' id='word_1_17' title='bbox 537 508 647 571; x_wconf 81' lang='lat' dir='ltr'>cestris</span> <span class='ocrx_word' id='word_1_18' title='bbox 656 500 674 570; x_wconf 86' lang='lat'>¹.</span> <span class='ocrx_word' id='word_1_19' title='bbox 710 503 770 582; x_wconf 83' lang='lat' dir='ltr'>Qui</span> <span class='ocrx_word' id='word_1_20' title='bbox 792 523 867 570; x_wconf 89' lang='lat' dir='ltr'>vero</span> <span class='ocrx_word' id='word_1_21' title='bbox 890 505 963 571; x_wconf 90' lang='lat' dir='ltr'>huic</span> <span class='ocrx_word' id='word_1_22' title='bbox 984 504 1190 572; x_wconf 88' lang='lat' dir='ltr'>saluberrimo</span> <span class='ocrx_word' id='word_1_23' title='bbox 1207 525 1300 592; x_wconf 91' lang='lat' dir='ltr'>prae·</span> 
     </span>
     <span class='ocr_line' id='line_1_4' title="bbox 126 619 1299 708; baseline 0.002 -22"><span class='ocrx_word' id='word_1_24' title='bbox 126 624 217 705; x_wconf 88' lang='lat' dir='ltr'>cepto</span> <span class='ocrx_word' id='word_1_25' title='bbox 241 619 368 686; x_wconf 87' lang='lat' dir='ltr'>obedire</span> <span class='ocrx_word' id='word_1_26' title='bbox 390 619 558 704; x_wconf 88' lang='lat' dir='ltr'>noluerint,</span> <span class='ocrx_word' id='word_1_27' title='bbox 581 620 747 687; x_wconf 77' lang='lat' dir='ltr'>idolatriae</span> <span class='ocrx_word' id='word_1_28' title='bbox 769 625 932 708; x_wconf 88' lang='lat' dir='ltr'>peccatum</span> <span class='ocrx_word' id='word_1_29' title='bbox 954 621 1129 706; x_wconf 82' lang='lat' dir='ltr'>incurrunt,</span> <span class='ocrx_word' id='word_1_30' title='bbox 1154 620 1299 689; x_wconf 79' lang='lat' dir='ltr'>Samuele</span> 
     </span>
     <span class='ocr_line' id='line_1_5' title="bbox 125 733 1299 819; baseline 0.001 -17"><span class='ocrx_word' id='word_1_31' title='bbox 125 739 206 802; x_wconf 89' lang='lat' dir='ltr'>teste</span> <span class='ocrx_word' id='word_1_32' title='bbox 230 740 262 802; x_wconf 91' lang='lat' dir='ltr'>et</span> <span class='ocrx_word' id='word_1_33' title='bbox 283 735 376 802; x_wconf 88' lang='lat' dir='ltr'>beato</span> <span class='ocrx_word' id='word_1_34' title='bbox 399 733 551 819; x_wconf 81' lang='lat' dir='ltr'>Gregorio</span> <span class='ocrx_word' id='word_1_35' title='bbox 574 736 764 804; x_wconf 79' lang='lat' dir='ltr'>instruente:</span> <span class='ocrx_word' id='word_1_36' title='bbox 792 739 962 803; x_wconf 75' lang='lat' dir='ltr'>Peccatum</span> <span class='ocrx_word' id='word_1_37' title='bbox 984 738 1148 803; x_wconf 77' lang='lat' dir='ltr'>ariolandi</span> <span class='ocrx_word' id='word_1_38' title='bbox 1169 752 1214 804; x_wconf 83' lang='lat' dir='ltr'>cst</span> <span class='ocrx_word' id='word_1_39' title='bbox 1235 762 1299 804; x_wconf 83' lang='lat' dir='ltr'>aaa</span> 
     </span>
     <span class='ocr_line' id='line_1_6' title="bbox 127 847 1299 941; baseline -0.001 -22"><span class='ocrx_word' id='word_1_40' title='bbox 127 852 261 935; x_wconf 81' lang='lat' dir='ltr'>obedire,</span> <span class='ocrx_word' id='word_1_41' title='bbox 285 865 313 918; x_wconf 85' lang='lat' dir='ltr'>ct</span> <span class='ocrx_word' id='word_1_42' title='bbox 335 853 434 917; x_wconf 81' lang='lat' dir='ltr'>scelus</span> <span class='ocrx_word' id='word_1_43' title='bbox 456 853 626 919; x_wconf 66' lang='lat' dir='ltr'>idolaadac</span> <span class='ocrx_word' id='word_1_44' title='bbox 647 854 730 920; x_wconf 83' lang='lat' dir='ltr'>nolle</span> <span class='ocrx_word' id='word_1_45' title='bbox 753 847 975 941; x_wconf 80' lang='lat' dir='ltr'>acquiesccrc&#39;.</span> <span class='ocrx_word' id='word_1_46' title='bbox 1013 852 1180 920; x_wconf 83' lang='lat' dir='ltr'>Peccatum</span> <span class='ocrx_word' id='word_1_47' title='bbox 1202 854 1299 937; x_wconf 91' lang='lat' dir='ltr'>igitur</span> 
     </span>
     <span class='ocr_line' id='line_1_7' title="bbox 125 961 1299 1054; baseline 0.001 -20"><span class='ocrx_word' id='word_1_48' title='bbox 125 968 319 1054; x_wconf 81' lang='lat' dir='ltr'>paganitatis</span> <span class='ocrx_word' id='word_1_49' title='bbox 341 968 490 1051; x_wconf 81' lang='lat' dir='ltr'>incurrit,</span> <span class='ocrx_word' id='word_1_50' title='bbox 518 967 675 1053; x_wconf 90' lang='lat' dir='ltr'>quisquis,</span> <span class='ocrx_word' id='word_1_51' title='bbox 699 969 775 1035; x_wconf 92' lang='lat' dir='ltr'>dum</span> <span class='ocrx_word' id='word_1_52' title='bbox 798 961 1003 1036; x_wconf 88' lang='lat' dir='ltr'>christianum</span> <span class='ocrx_word' id='word_1_53' title='bbox 1028 989 1061 1036; x_wconf 92' lang='lat' dir='ltr'>se</span> <span class='ocrx_word' id='word_1_54' title='bbox 1085 970 1208 1053; x_wconf 82' lang='lat' dir='ltr'>asserit,</span> <span class='ocrx_word' id='word_1_55' title='bbox 1231 969 1299 1036; x_wconf 91' lang='lat' dir='ltr'>sedi</span> 
     </span>
     <span class='ocr_line' id='line_1_8' title="bbox 126 1082 671 1170; baseline 0.002 -21"><span class='ocrx_word' id='word_1_56' title='bbox 126 1082 317 1170; x_wconf 87' lang='lat' dir='ltr'>apostolicae</span> <span class='ocrx_word' id='word_1_57' title='bbox 340 1083 468 1150; x_wconf 91' lang='lat' dir='ltr'>obedire</span> <span class='ocrx_word' id='word_1_58' title='bbox 490 1085 671 1150; x_wconf 91' lang='lat' dir='ltr'>contemnit.</span> 
     </span>
    </p>
   </div>
   <div class='ocr_carea' id='block_1_3' title="bbox 605 1219 814 1231">
    <p class='ocr_par' dir='ltr' id='par_1_3' title="bbox 605 1219 814 1231">
     <span class='ocr_line' id='line_1_9' title="bbox 605 1219 814 1231; baseline 0.01 -2"><span class='ocrx_word' id='word_1_59' title='bbox 605 1219 814 1231; x_wconf 80' lang='lat'>——-</span> 
     </span>
    </p>
   </div>
   <div class='ocr_carea' id='block_1_4' title="bbox 128 1293 1301 1503">
    <p class='ocr_par' dir='ltr' id='par_1_4' title="bbox 128 1293 1301 1503">
     <span class='ocr_line' id='line_1_10' title="bbox 128 1293 1297 1387; baseline 0.001 -22"><span class='ocrx_word' id='word_1_60' title='bbox 128 1293 189 1365; x_wconf 74' lang='lat'>29.</span> <span class='ocrx_word' id='word_1_61' title='bbox 212 1298 386 1363; x_wconf 78' lang='lat' dir='ltr'>Moaacaoc</span> <span class='ocrx_word' id='word_1_62' title='bbox 410 1295 591 1363; x_wconf 66' lang='lat' dir='ltr'>Corinenses</span> <span class='ocrx_word' id='word_1_63' title='bbox 613 1300 827 1386; x_wconf 71' lang='lat' dir='ltr'>reprehendit,</span> <span class='ocrx_word' id='word_1_64' title='bbox 857 1302 943 1386; x_wconf 83' lang='lat' dir='ltr'>qaod</span> <span class='ocrx_word' id='word_1_65' title='bbox 965 1326 986 1365; x_wconf 89' lang='lat' dir='ltr'>a</span> <span class='ocrx_word' id='word_1_66' title='bbox 1008 1300 1145 1366; x_wconf 81' lang='lat' dir='ltr'>Iordane&#39;</span> <span class='ocrx_word' id='word_1_67' title='bbox 1165 1300 1189 1365; x_wconf 88' lang='grc' dir='ltr'><em>Ι</em></span> <span class='ocrx_word' id='word_1_68' title='bbox 1203 1303 1297 1387; x_wconf 65' lang='lat' dir='ltr'>praa·</span> 
     </span>
     <span class='ocr_line' id='line_1_11' title="bbox 215 1413 1301 1503; baseline 0.004 -25"><span class='ocrx_word' id='word_1_69' title='bbox 215 1417 296 1501; x_wconf 68' lang='lat' dir='ltr'>cipro</span> <span class='ocrx_word' id='word_1_70' title='bbox 320 1413 468 1502; x_wconf 84' lang='lat' dir='ltr'>Capuanc’</span> <span class='ocrx_word' id='word_1_71' title='bbox 494 1417 671 1481; x_wconf 65' lang='lat' dir='ltr'>caninibus</span> <span class='ocrx_word' id='word_1_72' title='bbox 700 1417 842 1503; x_wconf 80' lang='lat' dir='ltr'>deposita</span> <span class='ocrx_word' id='word_1_73' title='bbox 870 1419 960 1502; x_wconf 80' lang='lat' dir='ltr'>apud</span> <span class='ocrx_word' id='word_1_74' title='bbox 987 1439 1037 1482; x_wconf 82' lang='lat' dir='ltr'>eos</span> <span class='ocrx_word' id='word_1_75' title='bbox 1066 1417 1149 1482; x_wconf 78' lang='lat' dir='ltr'>hona</span> <span class='ocrx_word' id='word_1_76' title='bbox 1176 1417 1301 1502; x_wconf 78' lang='lat' dir='ltr'>auferri</span> 
     </span>
    </p>
   </div>
   <div class='ocr_carea' id='block_1_5' title="bbox 213 1530 995 1618">
    <p class='ocr_par' dir='ltr' id='par_1_5' title="bbox 213 1530 995 1618">
     <span class='ocr_line' id='line_1_12' title="bbox 213 1530 995 1618; baseline 0.001 -23"><span class='ocrx_word' id='word_1_77' title='bbox 213 1533 305 1616; x_wconf 82' lang='lat' dir='ltr'>passi</span> <span class='ocrx_word' id='word_1_78' title='bbox 326 1533 397 1596; x_wconf 81' lang='lat' dir='ltr'>sint.</span> <span class='ocrx_word' id='word_1_79' title='bbox 439 1530 542 1597; x_wconf 82' lang='lat' dir='ltr'>sacca</span> <span class='ocrx_word' id='word_1_80' title='bbox 565 1532 604 1597; x_wconf 86' lang='lat' dir='ltr'>ab</span> <span class='ocrx_word' id='word_1_81' title='bbox 628 1535 672 1596; x_wconf 84' lang='lat' dir='ltr'>ca‘o</span> <span class='ocrx_word' id='word_1_82' title='bbox 690 1535 866 1618; x_wconf 77' lang='lat' dir='ltr'>procurari</span> <span class='ocrx_word' id='word_1_83' title='bbox 886 1541 995 1598; x_wconf 66' lang='lat' dir='ltr'>vctatt</span> 
     </span>
    </p>
   </div>
   <div class='ocr_carea' id='block_1_6' title="bbox 122 1660 1390 3025">
    <p class='ocr_par' dir='ltr' id='par_1_6' title="bbox 124 1660 1390 1962">
     <span class='ocr_line' id='line_1_13' title="bbox 215 1660 1388 1750; baseline 0.007 -22"><span class='ocrx_word' id='word_1_84' title='bbox 215 1660 386 1746; x_wconf 79' lang='lat' dir='ltr'>Gregorius</span> <span class='ocrx_word' id='word_1_85' title='bbox 410 1664 575 1750; x_wconf 91' lang='lat' dir='ltr'>episcopus</span> <span class='ocrx_word' id='word_1_86' title='bbox 598 1685 707 1731; x_wconf 89' lang='lat' dir='ltr'>servus</span> <span class='ocrx_word' id='word_1_87' title='bbox 731 1684 894 1731; x_wconf 90' lang='lat' dir='ltr'>servorum</span> <span class='ocrx_word' id='word_1_88' title='bbox 909 1663 970 1731; x_wconf 90' lang='lat' dir='ltr'>Dei</span> <span class='ocrx_word' id='word_1_89' title='bbox 987 1664 1110 1732; x_wconf 91' lang='lat' dir='ltr'>dilectis</span> <span class='ocrx_word' id='word_1_90' title='bbox 1125 1664 1159 1730; x_wconf 95' lang='lat' dir='ltr'>in</span> <span class='ocrx_word' id='word_1_91' title='bbox 1174 1663 1299 1745; x_wconf 87' lang='lat' dir='ltr'>Christo</span> <span class='ocrx_word' id='word_1_92' title='bbox 1319 1681 1388 1735; x_wconf 77' lang='lat'>1079</span> 
     </span>
     <span class='ocr_line' id='line_1_14' title="bbox 124 1751 1390 1868; baseline 0.002 -23"><span class='ocrx_word' id='word_1_93' title='bbox 124 1776 198 1845; x_wconf 88' lang='lat' dir='ltr'>liliis</span> <span class='ocrx_word' id='word_1_94' title='bbox 228 1777 336 1846; x_wconf 80' lang='lat' dir='ltr'>Sancti</span> <span class='ocrx_word' id='word_1_95' title='bbox 364 1778 526 1847; x_wconf 86' lang='lat' dir='ltr'>Benedicti</span> <span class='ocrx_word' id='word_1_96' title='bbox 560 1781 722 1847; x_wconf 83' lang='lat' dir='ltr'>monachis</span> <span class='ocrx_word' id='word_1_97' title='bbox 751 1780 885 1847; x_wconf 89' lang='lat' dir='ltr'>salutem</span> <span class='ocrx_word' id='word_1_98' title='bbox 913 1786 946 1848; x_wconf 90' lang='lat' dir='ltr'>et</span> <span class='ocrx_word' id='word_1_99' title='bbox 972 1779 1176 1868; x_wconf 90' lang='lat' dir='ltr'>apostolicam</span> <span class='ocrx_word' id='word_1_100' title='bbox 1205 1781 1299 1848; x_wconf 90' lang='lat' dir='ltr'>bene·</span> <span class='ocrx_word' id='word_1_101' title='bbox 1316 1751 1390 1814; x_wconf 53' lang='grc' dir='ltr'>(ψ)</span> 
     </span>
     <span class='ocr_line' id='line_1_15' title="bbox 124 1893 304 1962; baseline 0 -1"><span class='ocrx_word' id='word_1_102' title='bbox 124 1893 304 1962; x_wconf 88' lang='lat' dir='ltr'>dictionem.</span> 
     </span>
    </p>

    <p class='ocr_par' dir='ltr' id='par_1_7' title="bbox 122 2011 1301 3025">
     <span class='ocr_line' id='line_1_16' title="bbox 214 2011 1301 2099; baseline 0.002 -22"><span class='ocrx_word' id='word_1_103' title='bbox 214 2011 415 2095; x_wconf 86' lang='lat' dir='ltr'>Audivimus,</span> <span class='ocrx_word' id='word_1_104' title='bbox 438 2011 521 2097; x_wconf 91' lang='lat' dir='ltr'>quod</span> <span class='ocrx_word' id='word_1_105' title='bbox 544 2011 612 2078; x_wconf 93' lang='lat' dir='ltr'>sine</span> <span class='ocrx_word' id='word_1_106' title='bbox 635 2012 824 2095; x_wconf 88' lang='lat' dir='ltr'>gravissimo</span> <span class='ocrx_word' id='word_1_107' title='bbox 846 2011 953 2079; x_wconf 90' lang='lat' dir='ltr'>dolore</span> <span class='ocrx_word' id='word_1_108' title='bbox 976 2012 1080 2079; x_wconf 91' lang='lat' dir='ltr'>dicere</span> <span class='ocrx_word' id='word_1_109' title='bbox 1102 2031 1166 2077; x_wconf 94' lang='lat' dir='ltr'>non</span> <span class='ocrx_word' id='word_1_110' title='bbox 1189 2031 1301 2099; x_wconf 85' lang='lat' dir='ltr'>possu-</span> 
     </span>
     <span class='ocr_line' id='line_1_17' title="bbox 124 2124 1299 2215; baseline 0.002 -23"><span class='ocrx_word' id='word_1_111' title='bbox 124 2146 206 2210; x_wconf 89' lang='lat' dir='ltr'>mus,</span> <span class='ocrx_word' id='word_1_112' title='bbox 230 2126 380 2211; x_wconf 89' lang='lat' dir='ltr'>quosdam</span> <span class='ocrx_word' id='word_1_113' title='bbox 405 2127 559 2212; x_wconf 91' lang='lat' dir='ltr'>homines,</span> <span class='ocrx_word' id='word_1_114' title='bbox 583 2148 602 2193; x_wconf 92' lang='lat' dir='ltr'>a</span> <span class='ocrx_word' id='word_1_115' title='bbox 624 2127 757 2193; x_wconf 90' lang='lat' dir='ltr'>lordano</span> <span class='ocrx_word' id='word_1_116' title='bbox 780 2124 940 2215; x_wconf 80' lang='lat' dir='ltr'>principe³</span> <span class='ocrx_word' id='word_1_117' title='bbox 961 2129 1161 2213; x_wconf 89' lang='lat' dir='ltr'>suggestione</span> <span class='ocrx_word' id='word_1_118' title='bbox 1183 2128 1299 2196; x_wconf 92' lang='lat' dir='ltr'>diaboli</span> 
     </span>
     <span class='ocr_line' id='line_1_18' title="bbox 124 2243 1300 2330; baseline 0.003 -23"><span class='ocrx_word' id='word_1_119' title='bbox 124 2243 249 2325; x_wconf 89' lang='lat' dir='ltr'>missos,</span> <span class='ocrx_word' id='word_1_120' title='bbox 274 2244 477 2309; x_wconf 86' lang='lat' dir='ltr'>secretarium</span> <span class='ocrx_word' id='word_1_121' title='bbox 501 2248 641 2309; x_wconf 84' lang='lat' dir='ltr'>vestrum</span> <span class='ocrx_word' id='word_1_122' title='bbox 658 2244 795 2310; x_wconf 87' lang='lat' dir='ltr'>intrasse</span> <span class='ocrx_word' id='word_1_123' title='bbox 811 2249 842 2310; x_wconf 92' lang='lat' dir='ltr'>et</span> <span class='ocrx_word' id='word_1_124' title='bbox 857 2244 1011 2330; x_wconf 89' lang='lat' dir='ltr'>quaedam</span> <span class='ocrx_word' id='word_1_125' title='bbox 1028 2245 1196 2311; x_wconf 90' lang='lat' dir='ltr'>commissa</span> <span class='ocrx_word' id='word_1_126' title='bbox 1210 2245 1300 2312; x_wconf 93' lang='lat' dir='ltr'>vobis</span> 
     </span>
     <span class='ocr_line' id='line_1_19' title="bbox 123 2356 1299 2444; baseline 0.003 -20"><span class='ocrx_word' id='word_1_127' title='bbox 123 2357 268 2424; x_wconf 90' lang='lat' dir='ltr'>inaudita</span> <span class='ocrx_word' id='word_1_128' title='bbox 295 2360 472 2426; x_wconf 88' lang='lat' dir='ltr'>temeritate</span> <span class='ocrx_word' id='word_1_129' title='bbox 499 2356 675 2425; x_wconf 84' lang='lat' dir='ltr'>detulisse‘.</span> <span class='ocrx_word' id='word_1_130' title='bbox 711 2359 748 2425; x_wconf 95' lang='lat' dir='ltr'>ln</span> <span class='ocrx_word' id='word_1_131' title='bbox 770 2380 832 2444; x_wconf 92' lang='lat' dir='ltr'>quo</span> <span class='ocrx_word' id='word_1_132' title='bbox 854 2360 938 2426; x_wconf 86' lang='lat' dir='ltr'>facto</span> <span class='ocrx_word' id='word_1_133' title='bbox 953 2361 1071 2427; x_wconf 90' lang='lat' dir='ltr'>nimiae</span> <span class='ocrx_word' id='word_1_134' title='bbox 1085 2361 1299 2444; x_wconf 89' lang='lat' dir='ltr'>negligenciae</span> 
     </span>
     <span class='ocr_line' id='line_1_20' title="bbox 125 2473 1299 2543; baseline 0.002 -3"><span class='ocrx_word' id='word_1_135' title='bbox 125 2479 158 2541; x_wconf 89' lang='lat' dir='ltr'>et</span> <span class='ocrx_word' id='word_1_136' title='bbox 184 2475 299 2540; x_wconf 87' lang='lat' dir='ltr'>acriter</span> <span class='ocrx_word' id='word_1_137' title='bbox 326 2473 524 2541; x_wconf 88' lang='lat' dir='ltr'>ulciscendae</span> <span class='ocrx_word' id='word_1_138' title='bbox 550 2475 731 2542; x_wconf 90' lang='lat' dir='ltr'>timiditatis</span> <span class='ocrx_word' id='word_1_139' title='bbox 758 2496 814 2541; x_wconf 95' lang='lat' dir='ltr'>vos</span> <span class='ocrx_word' id='word_1_140' title='bbox 845 2480 877 2542; x_wconf 90' lang='lat' dir='ltr'>et</span> <span class='ocrx_word' id='word_1_141' title='bbox 899 2475 1044 2543; x_wconf 91' lang='lat' dir='ltr'>abbatem</span> <span class='ocrx_word' id='word_1_142' title='bbox 1067 2473 1225 2542; x_wconf 81' lang='lat' dir='ltr'>vestrum⁵</span> <span class='ocrx_word' id='word_1_143' title='bbox 1248 2496 1299 2542; x_wconf 89' lang='lat' dir='ltr'>ar·</span> 
     </span>
     <span class='ocr_line' id='line_1_21' title="bbox 123 2589 1298 2676; baseline 0 -19"><span class='ocrx_word' id='word_1_144' title='bbox 123 2610 220 2674; x_wconf 87' lang='lat' dir='ltr'>guero</span> <span class='ocrx_word' id='word_1_145' title='bbox 237 2610 413 2676; x_wconf 92' lang='lat' dir='ltr'>possumus.</span> <span class='ocrx_word' id='word_1_146' title='bbox 440 2589 485 2657; x_wconf 86' lang='lat' dir='ltr'>Et</span> <span class='ocrx_word' id='word_1_147' title='bbox 498 2591 626 2674; x_wconf 89' lang='lat' dir='ltr'>gravius</span> <span class='ocrx_word' id='word_1_148' title='bbox 642 2591 810 2656; x_wconf 89' lang='lat' dir='ltr'>adversum</span> <span class='ocrx_word' id='word_1_149' title='bbox 824 2611 881 2656; x_wconf 92' lang='lat' dir='ltr'>vos</span> <span class='ocrx_word' id='word_1_150' title='bbox 897 2591 1087 2657; x_wconf 89' lang='lat' dir='ltr'>commoveri</span> <span class='ocrx_word' id='word_1_151' title='bbox 1102 2591 1298 2675; x_wconf 82' lang='lat' dir='ltr'>deberemus,</span> 
     </span>
     <span class='ocr_line' id='line_1_22' title="bbox 123 2705 1298 2792; baseline 0.002 -21"><span class='ocrx_word' id='word_1_152' title='bbox 123 2705 186 2772; x_wconf 91' lang='lat' dir='ltr'>nisi</span> <span class='ocrx_word' id='word_1_153' title='bbox 216 2726 267 2789; x_wconf 92' lang='lat' dir='ltr'>ea,</span> <span class='ocrx_word' id='word_1_154' title='bbox 297 2727 360 2791; x_wconf 89' lang='lat' dir='ltr'>qua</span> <span class='ocrx_word' id='word_1_155' title='bbox 387 2726 443 2772; x_wconf 88' lang='lat' dir='ltr'>vos</span> <span class='ocrx_word' id='word_1_156' title='bbox 469 2727 595 2792; x_wconf 89' lang='lat' dir='ltr'>semper</span> <span class='ocrx_word' id='word_1_157' title='bbox 618 2708 750 2772; x_wconf 89' lang='lat' dir='ltr'>caritate</span> <span class='ocrx_word' id='word_1_158' title='bbox 773 2705 957 2791; x_wconf 84' lang='lat' dir='ltr'>dileximus,</span> <span class='ocrx_word' id='word_1_159' title='bbox 987 2706 1208 2772; x_wconf 89' lang='lat' dir='ltr'>detineremur.</span> <span class='ocrx_word' id='word_1_160' title='bbox 1249 2705 1298 2774; x_wconf 89' lang='lat' dir='ltr'>Si·</span> 
     </span>
     <span class='ocr_line' id='line_1_23' title="bbox 124 2820 1298 2908; baseline 0.001 -20"><span class='ocrx_word' id='word_1_161' title='bbox 124 2822 251 2908; x_wconf 91' lang='lat' dir='ltr'>quidem</span> <span class='ocrx_word' id='word_1_162' title='bbox 273 2821 469 2888; x_wconf 90' lang='lat' dir='ltr'>tolerabilius</span> <span class='ocrx_word' id='word_1_163' title='bbox 492 2822 583 2889; x_wconf 92' lang='lat' dir='ltr'>nobis</span> <span class='ocrx_word' id='word_1_164' title='bbox 606 2822 775 2905; x_wconf 88' lang='lat' dir='ltr'>videretur,</span> <span class='ocrx_word' id='word_1_165' title='bbox 799 2821 891 2888; x_wconf 87' lang='lat' dir='ltr'>villas</span> <span class='ocrx_word' id='word_1_166' title='bbox 914 2828 947 2888; x_wconf 89' lang='lat' dir='ltr'>et</span> <span class='ocrx_word' id='word_1_167' title='bbox 968 2821 1098 2889; x_wconf 90' lang='lat' dir='ltr'>castella</span> <span class='ocrx_word' id='word_1_168' title='bbox 1115 2820 1223 2889; x_wconf 81' lang='lat' dir='ltr'>Sancti</span> <span class='ocrx_word' id='word_1_169' title='bbox 1238 2822 1298 2889; x_wconf 93' lang='lat' dir='ltr'>Be·</span> 
     </span>
     <span class='ocr_line' id='line_1_24' title="bbox 122 2938 1298 3025; baseline 0.001 -20"><span class='ocrx_word' id='word_1_170' title='bbox 122 2938 242 3005; x_wconf 90' lang='lat' dir='ltr'>nedicti</span> <span class='ocrx_word' id='word_1_171' title='bbox 263 2938 298 3004; x_wconf 92' lang='lat' dir='ltr'>in</span> <span class='ocrx_word' id='word_1_172' title='bbox 320 2938 472 3025; x_wconf 88' lang='lat' dir='ltr'>praedam</span> <span class='ocrx_word' id='word_1_173' title='bbox 495 2944 527 3005; x_wconf 91' lang='lat' dir='ltr'>et</span> <span class='ocrx_word' id='word_1_174' title='bbox 549 2939 763 3025; x_wconf 90' lang='lat' dir='ltr'>direpcionem</span> <span class='ocrx_word' id='word_1_175' title='bbox 785 2939 865 3023; x_wconf 85' lang='lat' dir='ltr'>dari,</span> <span class='ocrx_word' id='word_1_176' title='bbox 889 2958 985 3022; x_wconf 91' lang='lat' dir='ltr'>quam</span> <span class='ocrx_word' id='word_1_177' title='bbox 1008 2944 1044 3004; x_wconf 94' lang='lat' dir='ltr'>ut</span> <span class='ocrx_word' id='word_1_178' title='bbox 1066 2944 1193 3005; x_wconf 89' lang='lat' dir='ltr'>sanctus</span> <span class='ocrx_word' id='word_1_179' title='bbox 1210 2939 1298 3006; x_wconf 89' lang='lat' dir='ltr'>locus</span> 
     </span>
    </p>
   </div>
   <div class='ocr_carea' id='block_1_7' title="bbox 123 3087 1297 3227">
    <p class='ocr_par' dir='ltr' id='par_1_8' title="bbox 123 3087 1297 3227">
     <span class='ocr_line' id='line_1_25' title="bbox 194 3087 1297 3151; baseline 0.003 -16"><span class='ocrx_word' id='word_1_180' title='bbox 194 3102 215 3135; x_wconf 74' lang='lat' dir='ltr'>a.</span> <span class='ocrx_word' id='word_1_181' title='bbox 230 3090 268 3135; x_wconf 76' lang='lat' dir='ltr'>Bt</span> <span class='ocrx_word' id='word_1_182' title='bbox 279 3091 343 3135; x_wconf 67' lang='lat' dir='ltr'>Para</span> <span class='ocrx_word' id='word_1_183' title='bbox 357 3090 417 3135; x_wconf 72' lang='lat' dir='ltr'>diac.</span> <span class='ocrx_word' id='word_1_184' title='bbox 434 3091 520 3151; x_wconf 73' lang='lat' dir='ltr'>registr.</span> <span class='ocrx_word' id='word_1_185' title='bbox 530 3090 574 3146; x_wconf 69' lang='lat' dir='ltr'>fol.</span> <span class='ocrx_word' id='word_1_186' title='bbox 584 3090 613 3135; x_wconf 71' lang='lat'>21</span> <span class='ocrx_word' id='word_1_187' title='bbox 626 3107 646 3135; x_wconf 85' lang='lat' dir='ltr'>rr.</span> <span class='ocrx_word' id='word_1_188' title='bbox 657 3089 688 3135; x_wconf 78' lang='lat'>34</span> <span class='ocrx_word' id='word_1_189' title='bbox 703 3089 776 3135; x_wconf 73' lang='lat' dir='ltr'>edida</span> <span class='ocrx_word' id='word_1_190' title='bbox 791 3087 815 3147; x_wconf 92' lang='lat'>1)</span> <span class='ocrx_word' id='word_1_191' title='bbox 827 3090 922 3136; x_wconf 76' lang='lat' dir='ltr'>Gouola</span> <span class='ocrx_word' id='word_1_192' title='bbox 934 3090 992 3135; x_wconf 70' lang='lat' dir='ltr'>aas.</span> <span class='ocrx_word' id='word_1_193' title='bbox 1004 3089 1297 3151; x_wconf 70' lang='lat' dir='ltr'>aebaamcasia.p.149‚</span> 
     </span>
     <span class='ocr_line' id='line_1_26' title="bbox 123 3168 637 3227; baseline -0.002 -11"><span class='ocrx_word' id='word_1_194' title='bbox 123 3168 149 3227; x_wconf 69' lang='lat'>2)</span> <span class='ocrx_word' id='word_1_195' title='bbox 165 3171 319 3217; x_wconf 68' lang='lat' dir='ltr'>sacrasacra</span> <span class='ocrx_word' id='word_1_196' title='bbox 335 3170 362 3216; x_wconf 72' lang='lat' dir='ltr'>aa·</span> <span class='ocrx_word' id='word_1_197' title='bbox 378 3172 456 3215; x_wconf 79' lang='lat' dir='ltr'>Monte</span> <span class='ocrx_word' id='word_1_198' title='bbox 472 3171 538 3217; x_wconf 77' lang='lat' dir='ltr'>Casa.</span> <span class='ocrx_word' id='word_1_199' title='bbox 556 3171 569 3217; x_wconf 88' lang='lat'><em>1</em></span> <span class='ocrx_word' id='word_1_200' title='bbox 584 3169 637 3215; x_wconf 75' lang='lat'>427.</span> 
     </span>
    </p>
   </div>
   <div class='ocr_carea' id='block_1_8' title="bbox 121 3261 1325 4134">
    <p class='ocr_par' dir='ltr' id='par_1_9' title="bbox 121 3261 1325 4134">
     <span class='ocr_line' id='line_1_27' title="bbox 196 3261 1298 3333; baseline 0.003 -15"><span class='ocrx_word' id='word_1_201' title='bbox 196 3266 220 3319; x_wconf 92' lang='lat'>1.</span> <span class='ocrx_word' id='word_1_202' title='bbox 239 3263 354 3319; x_wconf 83' lang='lat' dir='ltr'>llalaoh.</span> <span class='ocrx_word' id='word_1_203' title='bbox 367 3265 392 3333; x_wconf 82' lang='lat'>2,</span> <span class='ocrx_word' id='word_1_204' title='bbox 406 3265 431 3318; x_wconf 82' lang='lat'>2.</span> <span class='ocrx_word' id='word_1_205' title='bbox 503 3264 528 3318; x_wconf 78' lang='lat'>2.</span> <span class='ocrx_word' id='word_1_206' title='bbox 548 3261 589 3318; x_wconf 80' lang='lat' dir='ltr'>(ll.</span> <span class='ocrx_word' id='word_1_207' title='bbox 604 3266 619 3318; x_wconf 95' lang='grc'>1</span> <span class='ocrx_word' id='word_1_208' title='bbox 632 3264 700 3333; x_wconf 85' lang='lat' dir='ltr'>Reg.</span> <span class='ocrx_word' id='word_1_209' title='bbox 715 3264 757 3333; x_wconf 84' lang='lat'>15,</span> <span class='ocrx_word' id='word_1_210' title='bbox 770 3264 813 3318; x_wconf 81' lang='lat'>23.</span> <span class='ocrx_word' id='word_1_211' title='bbox 885 3264 911 3318; x_wconf 87' lang='lat'>3.</span> <span class='ocrx_word' id='word_1_212' title='bbox 932 3262 1071 3333; x_wconf 78' lang='lat' dir='ltr'>capuano.</span> <span class='ocrx_word' id='word_1_213' title='bbox 1142 3265 1168 3318; x_wconf 86' lang='lat'>4.</span> <span class='ocrx_word' id='word_1_214' title='bbox 1188 3265 1231 3320; x_wconf 93' lang='lat' dir='ltr'>De</span> <span class='ocrx_word' id='word_1_215' title='bbox 1245 3265 1298 3321; x_wconf 89' lang='lat' dir='ltr'>bac</span> 
     </span>
     <span class='ocr_line' id='line_1_28' title="bbox 122 3350 1296 3422; baseline 0 -14"><span class='ocrx_word' id='word_1_216' title='bbox 122 3367 153 3408; x_wconf 87' lang='lat' dir='ltr'>re</span> <span class='ocrx_word' id='word_1_217' title='bbox 175 3352 204 3407; x_wconf 91' lang='lat' dir='ltr'>in</span> <span class='ocrx_word' id='word_1_218' title='bbox 228 3352 343 3422; x_wconf 88' lang='lat' dir='ltr'>registro</span> <span class='ocrx_word' id='word_1_219' title='bbox 361 3352 435 3406; x_wconf 89' lang='lat' dir='ltr'>Petri</span> <span class='ocrx_word' id='word_1_220' title='bbox 458 3351 567 3407; x_wconf 85' lang='lat' dir='ltr'>diaconi</span> <span class='ocrx_word' id='word_1_221' title='bbox 591 3352 686 3407; x_wconf 90' lang='lat' dir='ltr'>addita</span> <span class='ocrx_word' id='word_1_222' title='bbox 707 3356 784 3420; x_wconf 87' lang='lat' dir='ltr'>sunt,</span> <span class='ocrx_word' id='word_1_223' title='bbox 807 3366 878 3421; x_wconf 90' lang='lat' dir='ltr'>quae</span> <span class='ocrx_word' id='word_1_224' title='bbox 900 3351 987 3407; x_wconf 90' lang='lat' dir='ltr'>edidit</span> <span class='ocrx_word' id='word_1_225' title='bbox 1011 3350 1124 3408; x_wconf 85' lang='lat' dir='ltr'>Gattula</span> <span class='ocrx_word' id='word_1_226' title='bbox 1145 3353 1215 3409; x_wconf 89' lang='lat' dir='ltr'>llist.</span> <span class='ocrx_word' id='word_1_227' title='bbox 1234 3353 1296 3410; x_wconf 82' lang='lat' dir='ltr'>Cas.</span> 
     </span>
     <span class='ocr_line' id='line_1_29' title="bbox 122 3439 1325 3512; baseline 0 -15"><span class='ocrx_word' id='word_1_228' title='bbox 122 3459 150 3512; x_wconf 89' lang='lat' dir='ltr'>p.</span> <span class='ocrx_word' id='word_1_229' title='bbox 165 3442 226 3511; x_wconf 84' lang='lat'>149,</span> <span class='ocrx_word' id='word_1_230' title='bbox 244 3439 330 3496; x_wconf 88' lang='lat' dir='ltr'>verba</span> <span class='ocrx_word' id='word_1_231' title='bbox 346 3440 428 3495; x_wconf 88' lang='lat' dir='ltr'>baec:</span> <span class='ocrx_word' id='word_1_232' title='bbox 453 3441 532 3511; x_wconf 86' lang='lat' dir='ltr'>,Hoc</span> <span class='ocrx_word' id='word_1_233' title='bbox 556 3446 647 3496; x_wconf 91' lang='lat' dir='ltr'>autem</span> <span class='ocrx_word' id='word_1_234' title='bbox 670 3440 771 3496; x_wconf 89' lang='lat' dir='ltr'>accidit</span> <span class='ocrx_word' id='word_1_235' title='bbox 788 3450 852 3510; x_wconf 87' lang='lat' dir='ltr'>pro·</span> <span class='ocrx_word' id='word_1_236' title='bbox 871 3440 1017 3496; x_wconf 87' lang='lat' dir='ltr'>Rosellano</span> <span class='ocrx_word' id='word_1_237' title='bbox 1035 3441 1190 3512; x_wconf 86' lang='lat' dir='ltr'>episcopo¹.</span> <span class='ocrx_word' id='word_1_238' title='bbox 1227 3441 1297 3498; x_wconf 86' lang='lat' dir='ltr'>Nam</span> <span class='ocrx_word' id='word_1_239' title='bbox 1323 3476 1325 3481; x_wconf 66' lang='grc'><strong><em>«</em></strong></span> 
     </span>
     <span class='ocr_line' id='line_1_30' title="bbox 122 3529 1298 3600; baseline -0.001 -14"><span class='ocrx_word' id='word_1_240' title='bbox 122 3530 197 3586; x_wconf 87' lang='lat' dir='ltr'>idem</span> <span class='ocrx_word' id='word_1_241' title='bbox 214 3530 361 3600; x_wconf 88' lang='lat' dir='ltr'>episcopus</span> <span class='ocrx_word' id='word_1_242' title='bbox 379 3545 433 3584; x_wconf 91' lang='lat' dir='ltr'>non</span> <span class='ocrx_word' id='word_1_243' title='bbox 451 3546 564 3600; x_wconf 89' lang='lat' dir='ltr'>parvam</span> <span class='ocrx_word' id='word_1_244' title='bbox 583 3531 727 3600; x_wconf 73' lang='lat' dir='ltr'>pecunim</span> <span class='ocrx_word' id='word_1_245' title='bbox 739 3529 802 3584; x_wconf 91' lang='lat' dir='ltr'>huie</span> <span class='ocrx_word' id='word_1_246' title='bbox 816 3529 1057 3585; x_wconf 88' lang='lat' dir='ltr'>commendaverat</span> <span class='ocrx_word' id='word_1_247' title='bbox 1067 3531 1136 3585; x_wconf 89' lang='lat' dir='ltr'>loco.</span> <span class='ocrx_word' id='word_1_248' title='bbox 1163 3529 1298 3586; x_wconf 76' lang='lat' dir='ltr'>londanus</span> 
     </span>
     <span class='ocr_line' id='line_1_31' title="bbox 122 3616 1297 3689; baseline -0.001 -14"><span class='ocrx_word' id='word_1_249' title='bbox 122 3625 216 3675; x_wconf 85' lang='lat' dir='ltr'>autem</span> <span class='ocrx_word' id='word_1_250' title='bbox 234 3618 361 3689; x_wconf 87' lang='lat' dir='ltr'>princeps</span> <span class='ocrx_word' id='word_1_251' title='bbox 379 3619 469 3674; x_wconf 87' lang='lat' dir='ltr'>missis</span> <span class='ocrx_word' id='word_1_252' title='bbox 487 3617 619 3674; x_wconf 91' lang='lat' dir='ltr'>militibus</span> <span class='ocrx_word' id='word_1_253' title='bbox 637 3618 788 3689; x_wconf 86' lang='lat' dir='ltr'>praecepit,</span> <span class='ocrx_word' id='word_1_254' title='bbox 807 3623 839 3673; x_wconf 91' lang='lat' dir='ltr'>ut</span> <span class='ocrx_word' id='word_1_255' title='bbox 856 3617 972 3674; x_wconf 87' lang='lat' dir='ltr'>eandem</span> <span class='ocrx_word' id='word_1_256' title='bbox 990 3617 1043 3673; x_wconf 90' lang='lat' dir='ltr'>sibi</span> <span class='ocrx_word' id='word_1_257' title='bbox 1061 3616 1198 3673; x_wconf 80' lang='lat' dir='ltr'>deferrent</span> <span class='ocrx_word' id='word_1_258' title='bbox 1214 3633 1297 3688; x_wconf 91' lang='lat' dir='ltr'>pecu·</span> 
     </span>
     <span class='ocr_line' id='line_1_32' title="bbox 122 3706 1298 3777; baseline -0.002 -13"><span class='ocrx_word' id='word_1_259' title='bbox 122 3709 206 3764; x_wconf 90' lang='lat' dir='ltr'>niam.</span> <span class='ocrx_word' id='word_1_260' title='bbox 233 3707 342 3762; x_wconf 83' lang='lat' dir='ltr'>Fratres</span> <span class='ocrx_word' id='word_1_261' title='bbox 361 3712 453 3762; x_wconf 78' lang='lat' dir='ltr'>autem</span> <span class='ocrx_word' id='word_1_262' title='bbox 471 3707 507 3762; x_wconf 87' lang='lat' dir='ltr'>ad</span> <span class='ocrx_word' id='word_1_263' title='bbox 519 3707 600 3761; x_wconf 88' lang='lat' dir='ltr'>haec:</span> <span class='ocrx_word' id='word_1_264' title='bbox 621 3749 634 3776; x_wconf 89' lang='lat'>,‚</span> <span class='ocrx_word' id='word_1_265' title='bbox 645 3706 821 3777; x_wconf 74' lang='lat' dir='ltr'>„Pecuniam</span> <span class='ocrx_word' id='word_1_266' title='bbox 840 3722 910 3777; x_wconf 88' lang='lat' dir='ltr'>quae</span> <span class='ocrx_word' id='word_1_267' title='bbox 924 3713 1020 3762; x_wconf 90' lang='lat' dir='ltr'>sancto</span> <span class='ocrx_word' id='word_1_268' title='bbox 1030 3706 1181 3762; x_wconf 86' lang='lat' dir='ltr'>Benedicta</span> <span class='ocrx_word' id='word_1_269' title='bbox 1193 3706 1298 3762; x_wconf 86' lang='lat' dir='ltr'>credita</span> 
     </span>
     <span class='ocr_line' id='line_1_33' title="bbox 122 3794 1296 3868; baseline -0.003 -16"><span class='ocrx_word' id='word_1_270' title='bbox 122 3802 179 3868; x_wconf 85' lang='lat' dir='ltr'>est,</span> <span class='ocrx_word' id='word_1_271' title='bbox 200 3812 251 3852; x_wconf 90' lang='lat' dir='ltr'>nos</span> <span class='ocrx_word' id='word_1_272' title='bbox 270 3796 350 3851; x_wconf 85' lang='lat' dir='ltr'>alicui</span> <span class='ocrx_word' id='word_1_273' title='bbox 368 3794 524 3850; x_wconf 86' lang='lat' dir='ltr'>vivencium</span> <span class='ocrx_word' id='word_1_274' title='bbox 543 3796 653 3850; x_wconf 90' lang='lat' dir='ltr'>minime</span> <span class='ocrx_word' id='word_1_275' title='bbox 672 3795 783 3865; x_wconf 85' lang='lat' dir='ltr'>damus,</span> <span class='ocrx_word' id='word_1_276' title='bbox 808 3795 936 3850; x_wconf 89' lang='lat' dir='ltr'>sedeam</span> <span class='ocrx_word' id='word_1_277' title='bbox 955 3810 1037 3865; x_wconf 88' lang='lat' dir='ltr'>super</span> <span class='ocrx_word' id='word_1_278' title='bbox 1055 3810 1154 3864; x_wconf 90' lang='lat' dir='ltr'>corpus</span> <span class='ocrx_word' id='word_1_279' title='bbox 1172 3794 1231 3849; x_wconf 90' lang='lat' dir='ltr'>eius</span> <span class='ocrx_word' id='word_1_280' title='bbox 1249 3810 1296 3865; x_wconf 94' lang='lat' dir='ltr'>po·</span> 
     </span>
     <span class='ocr_line' id='line_1_34' title="bbox 122 3882 1296 3956; baseline -0.003 -15"><span class='ocrx_word' id='word_1_281' title='bbox 122 3886 227 3956; x_wconf 81' lang='lat' dir='ltr'>nimus3</span> <span class='ocrx_word' id='word_1_282' title='bbox 245 3884 309 3940; x_wconf 91' lang='lat' dir='ltr'>inde</span> <span class='ocrx_word' id='word_1_283' title='bbox 327 3885 374 3954; x_wconf 88' lang='lat' dir='ltr'>qui</span> <span class='ocrx_word' id='word_1_284' title='bbox 391 3884 606 3954; x_wconf 89' lang='lat' dir='ltr'>praesumpserit</span> <span class='ocrx_word' id='word_1_285' title='bbox 623 3882 751 3939; x_wconf 77' lang='lat' dir='ltr'>auferat“</span> <span class='ocrx_word' id='word_1_286' title='bbox 761 3883 784 3938; x_wconf 84' lang='lat'>“.</span> <span class='ocrx_word' id='word_1_287' title='bbox 812 3884 911 3939; x_wconf 83' lang='lat' dir='ltr'>llilitas</span> <span class='ocrx_word' id='word_1_288' title='bbox 929 3889 1031 3952; x_wconf 82' lang='lat' dir='ltr'>autem,</span> <span class='ocrx_word' id='word_1_289' title='bbox 1048 3883 1176 3938; x_wconf 85' lang='lat' dir='ltr'>tollentes</span> <span class='ocrx_word' id='word_1_290' title='bbox 1187 3882 1296 3938; x_wconf 87' lang='lat' dir='ltr'>thesau-</span> 
     </span>
     <span class='ocr_line' id='line_1_35' title="bbox 121 3970 1296 4043; baseline -0.004 -13"><span class='ocrx_word' id='word_1_291' title='bbox 121 3990 182 4030; x_wconf 91' lang='lat' dir='ltr'>rum</span> <span class='ocrx_word' id='word_1_292' title='bbox 202 3975 236 4029; x_wconf 90' lang='lat' dir='ltr'>de</span> <span class='ocrx_word' id='word_1_293' title='bbox 254 3974 359 4043; x_wconf 77' lang='lat' dir='ltr'>alendo,</span> <span class='ocrx_word' id='word_1_294' title='bbox 378 3973 414 4028; x_wconf 84' lang='lat' dir='ltr'>ad</span> <span class='ocrx_word' id='word_1_295' title='bbox 432 3973 581 4043; x_wconf 89' lang='lat' dir='ltr'>principem</span> <span class='ocrx_word' id='word_1_296' title='bbox 596 3972 730 4028; x_wconf 82' lang='lat' dir='ltr'>deferunt.</span> <span class='ocrx_word' id='word_1_297' title='bbox 758 3972 817 4038; x_wconf 83' lang='lat' dir='ltr'>Quo</span> <span class='ocrx_word' id='word_1_298' title='bbox 831 3978 953 4042; x_wconf 85' lang='lat' dir='ltr'>accepto,</span> <span class='ocrx_word' id='word_1_299' title='bbox 971 3973 1064 4028; x_wconf 84' lang='lat' dir='ltr'>statim</span> <span class='ocrx_word' id='word_1_300' title='bbox 1077 3970 1149 4026; x_wconf 88' lang='lat' dir='ltr'>idem</span> <span class='ocrx_word' id='word_1_301' title='bbox 1161 3971 1296 4041; x_wconf 85' lang='lat' dir='ltr'>princeps,</span> 
     </span>
     <span class='ocr_line' id='line_1_36' title="bbox 121 4058 1294 4134; baseline -0.004 -15"><span class='ocrx_word' id='word_1_302' title='bbox 121 4064 192 4119; x_wconf 77' lang='lat' dir='ltr'>tanti</span> <span class='ocrx_word' id='word_1_303' title='bbox 210 4068 306 4118; x_wconf 87' lang='lat' dir='ltr'>auctor</span> <span class='ocrx_word' id='word_1_304' title='bbox 323 4062 442 4131; x_wconf 88' lang='lat' dir='ltr'>sceleris,</span> <span class='ocrx_word' id='word_1_305' title='bbox 460 4062 552 4117; x_wconf 91' lang='lat' dir='ltr'>lumen</span> <span class='ocrx_word' id='word_1_306' title='bbox 571 4063 676 4134; x_wconf 86' lang='lat' dir='ltr'>amisit;</span> <span class='ocrx_word' id='word_1_307' title='bbox 699 4067 728 4116; x_wconf 90' lang='lat' dir='ltr'>et</span> <span class='ocrx_word' id='word_1_308' title='bbox 749 4076 837 4131; x_wconf 89' lang='lat' dir='ltr'>usque</span> <span class='ocrx_word' id='word_1_309' title='bbox 855 4061 891 4116; x_wconf 88' lang='lat' dir='ltr'>ad</span> <span class='ocrx_word' id='word_1_310' title='bbox 909 4066 1022 4116; x_wconf 90' lang='lat' dir='ltr'>mortem</span> <span class='ocrx_word' id='word_1_311' title='bbox 1042 4061 1081 4114; x_wconf 88' lang='lat' dir='ltr'>ita</span> <span class='ocrx_word' id='word_1_312' title='bbox 1097 4058 1294 4130; x_wconf 83' lang='lat' dir='ltr'>permansit¹‘¹.</span> 
     </span>
    </p>
   </div>
   <div class='ocr_carea' id='block_1_9' title="bbox 121 4150 1295 4399">
    <p class='ocr_par' dir='ltr' id='par_1_10' title="bbox 121 4150 348 4208">
     <span class='ocr_line' id='line_1_37' title="bbox 121 4150 348 4208; baseline -0.018 0"><span class='ocrx_word' id='word_1_313' title='bbox 121 4153 148 4208; x_wconf 83' lang='lat'>5.</span> <span class='ocrx_word' id='word_1_314' title='bbox 166 4150 348 4207; x_wconf 89' lang='lat' dir='ltr'>Desiderium.</span> 
     </span>
    </p>

    <p class='ocr_par' dir='ltr' id='par_1_11' title="bbox 185 4243 284 4286">
     <span class='ocr_line' id='line_1_38' title="bbox 185 4243 284 4286; baseline 0 -12"><span class='ocrx_word' id='word_1_315' title='bbox 185 4251 201 4274; x_wconf 74' lang='grc' dir='ltr'>ι</span> <span class='ocrx_word' id='word_1_316' title='bbox 216 4252 247 4286; x_wconf 75' lang='lat' dir='ltr'>por</span> <span class='ocrx_word' id='word_1_317' title='bbox 257 4243 284 4274; x_wconf 69' lang='grc' dir='ltr'>σι</span> 
     </span>
    </p>

    <p class='ocr_par' dir='ltr' id='par_1_12' title="bbox 121 4295 1295 4399">
     <span class='ocr_line' id='line_1_39' title="bbox 186 4295 1295 4346; baseline -0.002 -10"><span class='ocrx_word' id='word_1_318' title='bbox 186 4302 201 4336; x_wconf 72' lang='lat' dir='ltr'>L</span> <span class='ocrx_word' id='word_1_319' title='bbox 217 4301 297 4336; x_wconf 72' lang='lat' dir='ltr'>norm</span> <span class='ocrx_word' id='word_1_320' title='bbox 309 4301 350 4335; x_wconf 78' lang='lat' dir='ltr'>val.</span> <span class='ocrx_word' id='word_1_321' title='bbox 361 4301 404 4345; x_wconf 73' lang='lat' dir='ltr'>lieg-</span> <span class='ocrx_word' id='word_1_322' title='bbox 416 4300 469 4335; x_wconf 60' lang='lat' dir='ltr'>lavi</span> <span class='ocrx_word' id='word_1_323' title='bbox 480 4300 537 4345; x_wconf 68' lang='lat' dir='ltr'>apd?</span> <span class='ocrx_word' id='word_1_324' title='bbox 553 4310 605 4346; x_wconf 73' lang='lat' dir='ltr'>supra</span> <span class='ocrx_word' id='word_1_325' title='bbox 621 4300 685 4344; x_wconf 59' lang='grc' dir='ltr'>μω.</span> <span class='ocrx_word' id='word_1_326' title='bbox 764 4301 780 4334; x_wconf 69' lang='lat'>².</span> <span class='ocrx_word' id='word_1_327' title='bbox 798 4301 824 4335; x_wconf 77' lang='lat' dir='ltr'>Do</span> <span class='ocrx_word' id='word_1_328' title='bbox 838 4300 870 4334; x_wconf 74' lang='lat' dir='ltr'>tu</span> <span class='ocrx_word' id='word_1_329' title='bbox 885 4298 983 4334; x_wconf 68' lang='lat' dir='ltr'>arntiam</span> <span class='ocrx_word' id='word_1_330' title='bbox 997 4299 1019 4333; x_wconf 74' lang='lat' dir='ltr'>st·</span> <span class='ocrx_word' id='word_1_331' title='bbox 1031 4299 1096 4333; x_wconf 72' lang='lat' dir='ltr'>chron.</span> <span class='ocrx_word' id='word_1_332' title='bbox 1107 4297 1147 4333; x_wconf 71' lang='lat' dir='ltr'>Cu.</span> <span class='ocrx_word' id='word_1_333' title='bbox 1160 4295 1185 4334; x_wconf 81' lang='lat' dir='ltr'>ut</span> <span class='ocrx_word' id='word_1_334' title='bbox 1198 4298 1230 4342; x_wconf 69' lang='lat' dir='ltr'>ss,</span> <span class='ocrx_word' id='word_1_335' title='bbox 1245 4297 1295 4334; x_wconf 68' lang='lat' dir='ltr'>ln.</span> 
     </span>
     <span class='ocr_line' id='line_1_40' title="bbox 121 4361 319 4399; baseline -0.01 0"><span class='ocrx_word' id='word_1_336' title='bbox 121 4361 181 4399; x_wconf 70' lang='grc'>011·</span> <span class='ocrx_word' id='word_1_337' title='bbox 191 4362 225 4397; x_wconf 75' lang='grc' dir='ltr'>ΙΙ.</span> <span class='ocrx_word' id='word_1_338' title='bbox 238 4362 271 4397; x_wconf 81' lang='lat' dir='ltr'>vu</span> <span class='ocrx_word' id='word_1_339' title='bbox 281 4362 319 4397; x_wconf 62' lang='lat' dir='ltr'><em>m</em></span> 
     </span>
    </p>
   </div>
   <div class='ocr_carea' id='block_1_10' title="bbox 0 0 1528 4980">
    <p class='ocr_par' dir='ltr' id='par_1_13' title="bbox 0 0 1528 4980">
     <span class='ocr_line' id='line_1_41' title="bbox 0 0 1528 4980; baseline 0 1"><span class='ocrx_word' id='word_1_340' title='bbox 0 0 1528 4980; x_wconf 95' lang='lat' dir='ltr'> </span> 
     </span>
    </p>
   </div>
  </div>
 </body>
</html>
