3046 4980
142 465 211 522 1073

125 540 180 600 Apr.
191 539 221 586 29

138 3034 207 3090 1073

120 3107 175 3168 Apu.
186 3107 217 3154 80

120 3393 175 3454 Apr.
187 3393 215 3440 al

120 3510 176 3570 Apr.
186 3509 216 3556 22

240 299 282 367 14
565 316 730 366 osuoonn
752 318 800 365 vn
821 317 980 366 asomum
1000 316 1084 365 rae.

326 457 524 526 Presentium
545 459 682 547 portitor
704 458 830 546 apicum
851 459 969 526 nostris
991 459 1164 525 insinuavit
1179 457 1316 541 auribus,
1339 456 1404 524 lra-

238 580 320 642 trem
349 597 441 643 sunm
469 580 579 642 contra
606 573 748 642 divinum
775 576 840 660 ius,
871 580 980 643 contra
1003 582 1181 642 sauctorum
1205 580 1333 661 patrum
1353 574 1404 640 iu·

237 692 383 759 stitutum
423 691 672 777 consanguineae
710 713 786 758 suae
823 690 970 758 thalamis
1009 692 1205 775 adhaesisse,
1244 692 1403 757 canonisis

236 805 436 875 Florentinae
459 807 624 892 ecclesiae,
647 829 688 875 ne
709 808 769 875 hoc
791 808 912 874 facinus
934 813 1142 894 perpetraret,
1167 807 1404 894 prohibentibus

238 944 310 991 eum
329 925 487 991 canonice.
523 923 590 1003 Quo
606 925 691 992 mam
706 925 871 991 universae
887 926 991 991 carnis
1006 925 1158 1008 ingresso,
1182 924 1293 990 relicta
1307 923 1403 1008 illius,

236 1042 469 1125 consanguinea
491 1040 619 1125 seilicet,
644 1061 716 1135 cum
738 1040 819 1108 dono
843 1046 937 1126 atque
953 1041 1035 1125 dote,
1060 1061 1155 1127 quam
1169 1040 1307 1107 incuria·
1322 1040 1404 1106 divi·

235 1176 349 1223 narum
377 1176 520 1224 necnon
543 1162 575 1223 et
596 1156 805 1224 humanarum
827 1156 932 1242 legum
955 1178 1018 1224 non
1041 1162 1089 1223 est
1110 1158 1212 1223 verita
1232 1157 1402 1242 suscipere,

236 1273 277 1338 ad
300 1273 429 1340 ulterius
451 1273 512 1338 riri
535 1278 640 1340 torum
663 1273 802 1359 disponit
816 1274 1058 1357 transmigrare3
1083 1293 1155 1338 cum
1170 1274 1274 1359 potius
1290 1273 1403 1357 scelus,

236 1388 320 1476 quod
342 1389 510 1473 commisit,
534 1394 686 1476 perpetuo
711 1394 836 1476 oportet
859 1411 929 1457 eam
950 1389 1034 1456 llere.
1071 1388 1139 1455 Tua
1161 1390 1268 1474 itaque
1289 1389 1403 1456 irater-

235 1506 319 1572 nitas
353 1505 633 1590 consanguinitatis
666 1505 784 1572 lineam
814 1527 833 1573 a
861 1506 1034 1572 maioribus
1067 1511 1144 1572 natu
1173 1505 1313 1573 eiusdem
1341 1506 1402 1573 loci

236 1621 403 1705 diligenter
424 1622 577 1707 inquirat3
606 1643 700 1706 qnam
722 1623 750 1688 si
772 1623 855 1689 inter
878 1623 1059 1689 defunctum
1081 1623 1185 1688 virum
1208 1623 1402 1708 eandemque

235 1737 341 1805 viram
369 1738 534 1806 mulierem
561 1739 733 1824 invenerit,
763 1740 803 1806 ad
831 1739 966 1805 aliarum
996 1738 1176 1826 exemplum
1204 1739 1249 1804 ita
1278 1739 1404 1806 studeat

235 1855 385 1921 canonica
415 1855 601 1922 auctoritate
630 1857 737 1922 omniu
765 1855 884 1922 dotuha
910 1856 1120 1921 iustrumenta
1148 1875 1274 1922 cassare
1302 1860 1334 1921 et
1362 1855 1402 1920 ad

234 1970 369 2037 nihilum
389 1971 543 2055 redigere,
566 1992 607 2038 ne
630 1971 668 2038 de
691 1971 801 2038 illicito
825 1972 908 2058 quod
930 1972 1088 2038 contraxit
1103 1972 1248 2055 coniugio
1264 1971 1402 2057 ahquam

234 2086 411 2154 mercedem
438 2088 585 2174 recipiat,
616 2107 678 2173 qua
703 2087 816 2154 laetari
838 2088 939 2173 possit
960 2087 994 2153 in
1016 2093 1187 2172 posterum.
1235 2087 1322 2155 Sicut
1344 2109 1401 2155 nos

235 2202 349 2287 diligis,
372 2204 419 2270 ita
440 2208 567 2269 nostrae
589 2204 737 2269 iussionis
760 2204 916 2290 primitias
940 2203 981 2268 ad
1003 2201 1148 2270 effectum
1164 2205 1332 2290 perducere
1347 2209 1402 2271 tua

233 2339 273 2386 ne
294 2319 437 2387 insistatb
452 2320 576 2386 caritas.
612 2319 697 2386 Data
710 2319 827 2387 Romae
843 2323 863 2386 3
879 2318 1036 2386 Kalendas
1053 2318 1138 2403 Maii,
1160 2320 1331 2388 indictione
1350 2325 1400 2388 11.

233 2524 299 2602 16.
323 2531 458 2602 (liraldo
486 2537 630 2621 episcopo
656 2533 796 2600 Ostiensi
817 2547 846 2599 et
868 2535 1058 2600 Roimbaldo
1081 2536 1271 2601 subdiacono
1294 2537 1402 2602 scribit

323 2652 361 2715 de
382 2652 572 2738 pontificatu
594 2676 614 2716 a
638 2674 702 2716 sese
724 2654 821 2728 ianm
850 2652 888 2716 de
911 2649 1165 2717 Claniucense'bos
1195 2653 1298 2739 Upono'
1319 2652 1399 2718 Cno-

323 2769 398 2833 dc'do
423 2768 522 2854 legato
547 2768 717 2854 apostolico
741 2769 981 2834 reconciliandis
988 2792 999 2845 ;
1022 2770 1060 2832 de
1078 2769 1177 2834 Eouli
1198 2773 1317 2835 comites
1335 2794 1399 2857 po-

323 2887 430 2949 eticae.
470 2884 637 2965 Hortatur,
661 2898 696 2950 ut
716 2887 850 2949 reditum
872 2897 1035 2950 mutarent.

324 3015 493 3101 Gregorius
515 3017 549 3082 in
571 3017 747 3083 Romanum
769 3016 948 3103 pontificem
972 3017 1088 3083 electus
1111 3015 1238 3084 (liraldo
1262 3018 1400 3086 Ostiensi

235 3132 381 3220 episeopo
410 3137 442 3199 et
469 3131 654 3198 Raimbaldo
682 3133 887 3216 subdiacono,
915 3134 949 3198 in
975 3132 1131 3217 legatione
1154 3131 1255 3200 Gallie
1284 3136 1400 3201 consti-

234 3249 322 3334 tutis,
346 3247 480 3315 salutem
502 3248 536 3313 in
559 3249 685 3315 domino
709 3248 779 3315 lesu
802 3248 935 3316 Christo.

322 3363 491 3431 Rumonem
515 3364 618 3431 obitus
635 3365 754 3431 domini
769 3365 870 3432 nostri
883 3365 1058 3432 Alexandri
1073 3384 1184 3452 papae,
1208 3365 1262 3449 qui
1281 3368 1316 3431 il
1335 3365 1398 3432 Ka-

232 3482 342 3549 lendas
365 3481 442 3548 Maii
471 3481 618 3566 spiritum
640 3481 708 3547 Deo
736 3481 887 3566 reddidit,
916 3488 948 3549 et
974 3487 1100 3549 nostrae
1123 3483 1329 3568 promotionis
1350 3483 1398 3549 fa·

232 3619 319 3665 marn
344 3599 410 3665 iarn
439 3597 557 3664 advos
587 3598 768 3684 pervenisse
797 3597 961 3664 credimus.
1010 3598 1071 3665 Sed
1095 3597 1203 3664 eadem
1226 3597 1318 3683 plene
1341 3620 1398 3665 vos

232 3735 418 3799 cognoscere
443 3713 614 3800 cupientes,
639 3714 679 3779 ad
702 3714 877 3781 certissima
899 3735 1006 3780 eorum
1029 3714 1147 3779 indicia
1170 3715 1325 3798 aptiorem
1339 3715 1398 3782 hoc

233 3833 345 3899 dilecto
376 3830 440 3897 fiho
469 3836 501 3897 et
525 3829 676 3896 cardinah
700 3836 826 3896 sanotae
848 3830 1007 3897 Romanae
1031 3830 1179 3897 ecclesiae
1203 3830 1396 3917 presbytero,

233 3949 287 4035 qui
311 3947 461 4015 ambobus
484 3946 636 4029 interluit,
660 3947 693 4011 in
716 3952 822 4032 partes
844 3946 915 4013 illas
938 3947 1125 4013 mittendum
1148 3953 1327 4014 nostrorum
1342 3970 1397 4015 ne-

232 4066 350 4131 minem
371 4064 588 4131 iudicavimus.
622 4061 741 4148 ltaque,
765 4064 840 4149 quid
863 4069 895 4130 et
917 4063 1051 4149 qualiter
1073 4064 1112 4130 de
1132 4071 1264 4149 utroque
1278 4065 1397 4132 factum

232 4183 289 4265 sit,
318 4203 375 4268 per
397 4181 480 4248 hunc
502 4201 589 4246 mera
612 4180 743 4245 veritate
766 4181 963 4266 percognita,
993 4186 1030 4246 ut
1052 4181 1208 4248 orationes
1231 4182 1271 4247 ad
1293 4182 1396 4249 Deum

231 4295 301 4364 fieri
324 4297 456 4363 sollicite
479 4297 665 4383 procuretis,
690 4296 852 4363 cantatm
867 4301 1005 4363 vestram
1018 4296 1110 4364 valde
1132 4318 1295 4381 rogamus:
1320 4319 1396 4383 qua-

301 4454 321 4486 a
341 4439 424 4486 iniuria
439 4441 490 4488 cod.
515 4438 868 4501 C!.ep.601'nfro.·offlciitui
883 4439 977 4485 maurit.
1069 4439 1091 4486 h.
1109 4457 1139 4486 un
1154 4439 1265 4488 desistat?
