3046 4980
222 261 289 328 554
415 277 582 326 ennoean
605 278 652 323 vn
676 276 862 324 ssrsrouan
885 274 1094 323 consecrer.
1112 272 1150 320 ro.
1165 273 1204 320 aa.

131 428 199 483 1079
223 423 387 509 episcopos
408 414 599 486 Metensem¹
623 423 654 484 et
669 416 923 484 Patavienssm·¹
939 420 971 482 et
993 413 1139 482 abbatem
1153 411 1396 499 Augiensem⁵⁸,

120 500 204 560 (mn)
223 538 276 623 qni
298 537 462 603 nobiscum
485 534 580 602 finem
603 534 650 601 rei
673 533 894 620 praestolando
917 538 1091 615 morantur,
1115 551 1187 598 cnm
1204 532 1246 598 ad
1262 531 1396 618 vosipsi

221 654 433 740 pervenerint,
458 651 548 737 quasi
571 652 604 717 in
627 656 776 737 promptu
795 649 917 716 hahetis
933 648 1051 715 audire.
1086 646 1250 714 Postremo
1266 647 1326 714 hoo
1340 668 1396 714 vos

220 770 366 853 ignorare
381 769 537 850 nolumus,
562 768 636 852 quia
652 767 738 833 omni
754 786 817 850 qua
831 771 956 852 oportet
969 765 1131 849 instantia,
1155 784 1225 831 curn
1243 764 1396 830 orationis

220 890 347 951 nostrae
364 883 547 950 assiduitate
561 889 630 949 tum
645 881 740 948 officii
752 881 852 947 nostri
864 883 1029 966 gravitate,
1045 886 1077 948 ot
1088 880 1310 968 prospiciendo
1322 900 1396 948 con·

221 1000 322 1067 sulere
338 1006 370 1066 et
384 1000 574 1066 consulendo
589 999 770 1086 prospicere
782 1002 923 1063 vestrae‘
935 998 1115 1065 necessitati
1126 1017 1190 1063 non
1201 996 1392 1064 dubitamus.

308 1115 516 1182 cadumum
539 1115 578 1182 de
606 1120 711 1181 vestro
744 1113 1016 1200 archiepiscopatu
1037 1112 1318 1197 Magdebnrgenei,
1346 1113 1394 1179 in-

220 1233 470 1320 disciplinatam·
494 1231 691 1318 quorundam
714 1229 855 1296 eiusdem
878 1229 1028 1297 ecclesiae
1050 1229 1187 1296 filiorum
1210 1249 1268 1316 pro
1287 1229 1394 1314 acqui·

219 1350 316 1416 rendo
347 1349 481 1416 seculari
509 1348 619 1415 habitu
648 1347 825 1412 ethonore
854 1346 997 1412 ohortum
1026 1347 1124 1414 fuisse
1148 1347 1392 1414 contentionem

219 1464 303 1543 Quos
332 1464 435 1531 modis
465 1463 610 1531 omnibns
638 1483 678 1528 ex
705 1467 874 1548 praecepto
897 1460 957 1529 Dei
986 1463 1211 1550 omnipotentis
1238 1469 1270 1530 et
1293 1463 1394 1529 sancti

219 1579 305 1647 Petri
329 1586 361 1647 et
383 1585 502 1663 nostro,
526 1600 566 1646 ne
588 1579 649 1646 sihi
667 1579 769 1645 locum
786 1579 819 1644 in
835 1578 1068 1665 dampnationis
1083 1578 1207 1646 culmen
1224 1577 1392 1665 arripiant‘

218 1697 392 1780 regiminis,
416 1695 593 1783 prohibere,
610 1700 642 1761 et
656 1695 724 1761 Deo
740 1694 868 1778 dignum
886 1693 1144 1780 dispensatorem,
1160 1701 1257 1781 prout
1270 1695 1322 1761 ius
1337 1715 1392 1782 po·

219 1813 316 1879 stulat
339 1819 371 1879 et
393 1812 485 1897 ordo,
515 1832 586 1878 cum
609 1817 718 1877 nostra
740 1810 901 1876 voluntate
925 1815 958 1875 et
979 1809 1153 1896 apostolica
1174 1810 1392 1885 benedictione

219 1935 251 1994 et
279 1929 437 1995 communi
465 1928 605 1995 omnium
633 1927 787 1993 honorum
816 1931 882 1992 tam
910 1925 1092 1992 clericorum
1121 1946 1217 2012 qnam
1238 1926 1390 1994 laieorum

219 2044 370 2111 electione
394 2045 587 2131 disponeret
624 2043 687 2109 Vos
710 2046 817 2107 tamen
839 2042 903 2128 ipsi
916 2043 1027 2127 nostis,
1050 2042 1134 2128 qnod
1149 2043 1183 2108 in
1198 2043 1389 2109 constituen-

218 2159 267 2225 dis
283 2161 439 2247 episcopis
455 2159 597 2243 neglecta
612 2162 792 2224 sauctorum
808 2163 935 2244 patrum
950 2158 1096 2225 instituta
1110 2159 1204 2243 hune,
1228 2159 1285 2245 qui
1299 2159 1389 2226 modo

216 2276 369 2361 funditur,
394 2277 578 2361 sanguinem
600 2280 790 2359 genuerunt3
816 2278 848 2340 et
863 2274 974 2358 adhuc,
997 2276 1059 2341 nisi
1073 2276 1315 2362 provideantur,
1336 2296 1389 2364 pe·

216 2393 298 2460 iores
321 2393 479 2479 prioribus
503 2411 625 2458 errores
647 2390 782 2456 fovendo
804 2391 994 2476 parturiunt.

218 2603 279 2676 28.
305 2607 426 2673 Italicis
450 2620 479 2672 ct
497 2605 675 2673 Teutonioia
697 2605 807 2671 aedis
829 2618 939 2671 conca
960 2606 1386 2690 socerdoteaforaioutorea'.

127 2753 197 2808 1079
305 2737 476 2822 Gregorius
506 2739 671 2825 episcopus
698 2757 807 2803 servus
831 2757 991 2804 servorum
1015 2737 1077 2804 Dei
1098 2758 1156 2825 per
1178 2745 1282 2806 totum
1304 2740 1387 2807 Itali·

215 2876 286 2922 cum
309 2874 443 2939 regnum
466 2859 498 2921 et
513 2853 754 2919 Teutonicorum
780 2853 919 2920 debitam
942 2858 1050 2921 saneto
1066 2852 1160 2921 Petro
1177 2855 1386 2924 obedientiam

214 2971 434 3038 exhibentibus
457 2969 663 3057 apostolicam
686 2969 945 3037 benedictionem.

304 3085 339 3153 Si
362 3086 416 3171 qui
439 3091 513 3152 sunt
540 3085 707 3171 presbiteri
730 3085 792 3151 vel¹
815 3085 939 3151 diaeom
961 3085 1012 3153 vel
1034 3086 1234 3173 subdiaconi,
1265 3089 1319 3173 qui
1341 3088 1386 3154 ia·

213 3206 305 3267 ceant
326 3201 360 3266 in
383 3202 515 3268 crimhre
536 3202 768 3284 fornicationis,
798 3201 1015 3268 interdicimus
1038 3203 1084 3268 eis
1107 3209 1264 3290 exparte
1287 3204 1384 3270 omni·

212 3316 350 3403 potentis
374 3316 433 3382 Dei
458 3323 490 3383 et
512 3317 699 3384 auctoritate
722 3317 824 3384 saneti
846 3316 932 3383 Petri
955 3317 1120 3384 introitum
1143 3319 1311 3405 eeclesiae,
1334 3340 1384 3386 us-

212 3452 272 3517 que
301 3431 377 3498 dum
404 3433 568 3519 peniteant
597 3438 629 3500 et
656 3433 832 3500 emendent
873 3432 908 3500 Si
936 3434 991 3520 qui
1019 3455 1093 3501 vero
1120 3435 1153 3501 in
1176 3441 1307 3523 peccato
1329 3456 1384 3503 suo

210 3568 414 3635 perseverare
436 3548 617 3634 maluerint,
640 3549 746 3615 nullus
769 3554 909 3616 vestrum
930 3548 1068 3617 officium
1083 3570 1192 3618 eorum
1208 3551 1384 3619 auscultare

210 3671 387 3750 presumat3
416 3666 491 3751 quia
512 3664 689 3732 benedictio
711 3665 796 3732 illius
817 3665 970 3732 vertiturk
992 3666 1026 3732 in
1049 3665 1327 3753 meledictionem,
1353 3673 1384 3734 ot

280 3821 300 3853 a.
315 3806 451 3866 Pupiensem
467 3810 489 3854 2.
563 3807 587 3854 b.
602 3807 770 3866 Augustemom
785 3809 807 3854 2.
882 3819 902 3854 a
919 3821 986 3855 veroa
1002 3810 1024 3855 2.
1097 3808 1121 3855 d.
1136 3808 1274 3858 Audivimus
1291 3834 1317 3844 -
1333 3824 1382 3871 per·

208 3889 297 3935 tarium
313 3905 356 3934 our.
368 3889 390 3933 1.
453 3902 473 3935 o.
488 3888 513 3934 in
529 3887 673 3947 disciphnam
689 3888 725 3934 ed.
786 3887 959 3948 horripisted.
1022 3901 1043 3946 g.
1060 3889 1156 3948 ungite
1167 3890 1282 3938 ucidr'm
1291 3892 1381 3939 omre.

208 3967 232 4014 h.
253 3971 365 4030 Laguatan
380 3971 511 4030 fragmenta
534 3965 557 4025 1)
575 3984 612 4026 ap.
623 3967 747 4013 Gerhohuur
763 3968 930 4030 Beicherrperg.
947 3971 970 4014 s'a
987 3970 1100 4026 psalma
1117 3971 1145 4017 Χ
1163 3987 1202 4028 ap.
1213 3973 1262 4017 Pa
1279 3973 1381 4019 rhun.

209 4047 290 4093 anecd.
303 4046 380 4094 7167
402 4044 491 4105 (siqui
508 4047 601 4092 sunt-
617 4044 762 4103 contemnit),
783 4044 808 4103 2)
824 4064 862 4105 ap.
874 4049 1087 4096 menusanum
1103 4051 1126 4095 s'a
1142 4049 1220 4096 chron.
1232 4053 1305 4109 1079,
1322 4055 1380 4100 Ιοι.

208 4128 280 4172 Germ.
293 4128 335 4174 SS.
351 4128 375 4174 V
388 4127 431 4173 561
455 4124 587 4184 (Gregorius
607 4148 631 4156 -
649 4124 847 4173 benedictionibus
862 4125 968 4184 vestris),
989 4129 1014 4182 b)
1033 4131 1056 4175 s‘a
1077 4129 1199 4176 hadardi
1217 4133 1303 4178 Auni
1316 4131 1379 4186 1079,

208 4207 271 4250 Mon.
284 4207 410 4253 cem-58.
426 4207 450 4253 V
462 4207 508 4253 317
530 4204 564 4262 (Si
581 4206 690 4266 quirunt
708 4228 732 4236 -
751 4206 824 4253 oratio
842 4205 1018 4267 inpacatum).
1094 4208 1174 4256 Lm
1189 4210 1212 4257 ⁸.
1290 4210 1379 4259 hves·

207 4283 268 4329 tetur
283 4286 305 4331 3.
382 4284 561 4332 bmnledietunr
578 4287 600 4333 d.

279 4368 304 4422 1.
322 4369 517 4426 Hermennum
608 4373 634 4427 2.
652 4370 840 4428 Altmanuum
930 4373 957 4428 8.
976 4372 1122 4431 Eeardom
