3046 4980
208 306 272 376 102
512 325 677 376 causonn
697 327 746 375 ιιι
767 325 926 376 auersum
947 323 1013 372 rer
1029 323 1066 372 ee

113 476 183 531 1074
172 467 372 599 quillitatis
393 472 545 556 tempore,
570 475 686 556 quanto
708 489 761 537 sos
781 468 934 536 violenter
956 466 1113 553 astrinxit,
1136 472 1247 556 postea
1269 469 1347 535 aut
1337 488 1372 544 ιιι

113 550 360 652 ΜΗιοιιιιιιιι
391 585 609 671 religiosorum
643 587 862 674 episcoporum
889 585 980 652 aut
970 606 1004 651 ιιι
1032 586 1212 672 praesentia
1237 584 1372 677 Romani

204 700 372 789 pontilicis,
396 722 477 789 quae
492 703 541 770 sui
554 704 633 770 iuris
649 704 804 787 aestimat,
828 701 970 770 ordinate
983 703 1133 788 requirat.
1162 701 1271 788 Neque
1286 703 1373 770 enim

204 819 245 884 ad
272 818 331 885 hoc
357 820 492 905 praelati
514 840 637 905 snmus,
666 825 702 887 ut
722 825 849 887 nostrae
871 819 1054 886 commissos
1075 819 1292 906 providentiae
1313 840 1371 907 pc·

203 939 307 1001 tenter
334 937 435 1020 magis
459 957 554 1021 quam
575 937 658 1004 iuste
679 941 859 1004 tractemus.
894 937 939 1003 At
960 937 989 1002 si
1009 935 1064 1003 ille
1085 936 1163 1003 haec
1184 945 1241 1002 ex·
1262 942 1372 1004 nostra

203 1057 294 1139 parte
316 1054 514 1139 procuranda
540 1052 857 1140 monita-adimplere
880 1053 1050 1140 spreverit,
1078 1053 1138 1119 tibi
1159 1052 1370 1137 iniungimus:

202 1173 249 1251 nt,
272 1168 445 1256 apostoliea
466 1169 564 1236 fultus
587 1171 783 1254 anctoritate,
806 1189 870 1237 nna
891 1189 964 1236 eum
979 1168 1206 1237 confratribus'
1220 1169 1283 1236 tuis
1298 1175 1372 1236 ante

203 1285 362 1369 signatum
383 1285 489 1352 locum
511 1287 551 1353 ab
573 1287 660 1353 omni
680 1287 899 1355 interdictione
922 1293 953 1355 et
974 1266 1296 1354 encommmricatione
1316 1285 1372 1353 al)-

203 1402 306 1468 solvas
335 1408 381 1487 et,
411 1402 520 1469 eadem
550 1404 735 1471 auctoritate
761 1403 952 1491 presbyteris
979 1403 1097 1471 ibidem
1129 1403 1372 1471 consistentibus

203 1519 244 1586 ad
266 1519 488 1587 celebrandum
508 1520 651 1587 divinum
674 1520 812 1587 officium
825 1521 991 1605 roboratis,
1014 1521 1207 1608 episcopmn,
1229 1527 1267 1587 nt
1280 1519 1372 1586 nobis

202 1636 242 1703 de
264 1638 439 1723 pertinacia
461 1658 519 1706 sna
539 1644 570 1706 et
584 1643 767 1725 contemptu
780 1641 888 1704 nostro
902 1637 1102 1723 respondeat,
1127 1659 1167 1705 ex
1179 1642 1271 1725 parte
1286 1636 1373 1704 beati

201 1753 288 1819 Petri
319 1759 350 1820 et
378 1759 488 1822 nostra
513 1776 572 1842 per
597 1755 688 1822 illum
715 1754 888 1843 apostolica
914 1755 1136 1842 praeceptione
1161 1774 1370 1822 commoneas.

201 1869 268 1936 Has
290 1891 364 1937 vero
386 1871 509 1939 litteras
531 1878 657 1939 nostras
679 1873 791 1940 iccirco
815 1877 923 1959 aperte
938 1871 1058 1956 signari
1072 1871 1213 1956 fecimus,
1236 1876 1281 1955 ut,
1304 1876 1373 1938 tam

202 1986 392 2055 virdunensi
415 2010 510 2075 qnam
533 1990 645 2056 ceteris
668 1989 825 2077 episcopis
847 1994 1001 2073 ostensae,
1024 1989 1210 2056 commissae
1223 1988 1283 2054 tibi
1298 2008 1373 2075 pro·

202 2105 372 2171 curationis
395 2111 427 2173 et
450 2106 646 2173 auctoritatis
668 2106 887 2173 certitudinem
901 2105 1084 2193 praebeant
1117 2104 1203 2174 Data
1216 2104 1371 2173 Remeat

201 2221 307 2288 Nonas
330 2221 416 2307 Maii,
439 2222 611 2289 indictione
636 2223 686 2289 12.

202 2430 217 2505 Ι
237 2435 299 2508 82.
324 2440 516 2505 Mosarna·
529 2438 700 2526 Asprenate
716 2438 809 2520 dorso,
832 2460 892 2525 per
906 2436 1079 2504 Roboretum
1092 2436 1235 2503 αόὂαιθιιι
1248 2437 1373 2524 διερει-

325 2559 392 2637 te'tc,
416 2556 545 2622 Eeardo
569 2557 677 2623 addam
698 2581 719 2621 a
740 2578 805 2620 sese
826 2567 1004 2622 consecrato
1026 2556 1151 2621 reatos·
1170 2554 1263 2620 iudet.

113 2701 178 2756 1074
292 2688 461 2774 Gregorius
484 2690 639 2774 omnibus,
663 2690 705 2755 ad
727 2709 804 2776 quos
826 2687 951 2756 litterae
972 2688 1054 2755 istae
1074 2688 1285 2775 pervenerint

113 2775 160 2822 ’ω’
172 2777 186 2824 ⁸
292 2807 488 2892 Quamquam
517 2807 557 2873 ad
582 2806 825 2894 propulsandas
835 2805 977 2872 omnium
999 2804 1203 2872 ecclesiarum
1225 2808 1257 2872 et
1277 2825 1373 2873 venn-

201 2923 350 2990 rabilium
376 2924 518 2990 locorum
545 2924 678 2990 iniurias
707 2944 747 2990 ex
773 2923 879 2990 debito
907 2919 1003 2989 officii
1025 2921 1126 2988 nostri
1148 2927 1181 2988 et
1201 2921 1374 2990 universali

201 3040 416 3127 providentia,
446 3060 542 3126 quam
568 3060 627 3127 per
655 3040 782 3106 beatum
803 3039 934 3107 Petrum
958 3039 1174 3125 apostolorum
1195 3040 1374 3126 principem

201 3156 276 3223 licet
301 3157 423 3240 indigni
451 3157 663 3244 suscepimus,
692 3156 825 3224 sollicite
849 3157 940 3224 nobis
962 3155 1191 3241 invigilandum
1213 3161 1246 3222 et
1265 3155 1373 3224 elabo-

201 3273 336 3340 randum
359 3292 428 3340 esse
450 3293 632 3357 noscamus,
664 3273 714 3339 his
735 3277 841 3340 tamen
863 3273 941 3340 locis
962 3272 1154 3360 apostolicae
1175 3273 1374 3341 auctoritatis

203 3409 296 3476 opem
319 3394 352 3457 et
373 3394 497 3456 scutum
519 3390 692 3476 impensius
713 3390 916 3457 circumferre
939 3390 1128 3477 dupplioiter
1144 3389 1372 3476 quodammodo

203 3507 431 3594 compellimur,
449 3527 529 3592 quae
544 3507 624 3574 etin
639 3507 778 3591 generali
793 3513 919 3575 sanctae
934 3507 1094 3575 Romanae
1108 3506 1258 3574 ecclesiae
1272 3527 1372 3574 mem·

202 3625 331 3693 brorum
360 3624 555 3692 continentia
580 3625 693 3691 ceteris
716 3630 928 3710 coaequantur
950 3630 982 3692 et
1008 3624 1176 3709 singularis
1203 3624 1373 3710 patrocinii

201 3741 369 3830 priuilegia
395 3762 474 3829 prae
503 3742 615 3809 ceteris
644 3742 827 3808 sortiuntur.
866 3740 894 3807 E
918 3742 1031 3826 quibus
1054 3741 1203 3826 quoniam
1224 3740 1373 3825 Angense

201 3860 428 3927 monasterium
450 3858 523 3925 huic
545 3863 673 3925 sanctae
696 3864 728 3925 et
749 3858 939 3946 apostolieae
961 3859 1029 3926 sedi
1050 3857 1185 3944 quadarn
1202 3856 1373 3944 principali

204 3981 237 4043 et
254 3977 418 4044 individua
439 3976 585 4043 cohaeret
606 3975 707 4061 linea,
736 3975 776 4043 de
798 3976 993 4064 dispersione
1014 3975 1168 4040 bonorum
1191 3973 1258 4040 eiua
1279 3973 1373 4042 valde

203 4092 354 4178 dolentes,
369 4093 445 4179 qnid
460 4092 605 4159 dominus
621 4097 653 4159 et
668 4098 845 4161 antecessor
859 4099 966 4160 noster
979 4090 1161 4158 Alexander
1175 4091 1373 4158 venerandae

204 4210 373 4275 memoriae
395 4229 480 4297 papa
494 4209 567 4276 inde
583 4209 721 4277 decrevit
734 4210 881 4294 recolere,
905 4215 937 4276 et
954 4209 1143 4276 sententiam
1157 4212 1284 4274 nostrae
1298 4227 1372 4274 con-

204 4321 390 4391 firmationis
412 4325 446 4391 in
467 4326 500 4393 id
522 4327 628 4413 ipsum
643 4326 797 4412 omnibus,
821 4327 862 4393 ad
876 4346 954 4412 qnos
970 4325 1064 4393 huius
1079 4323 1230 4413 epistolas
1244 4328 1372 4393 nostrae

275 4479 295 4512 ι.
314 4480 342 4513 ex
358 4467 448 4515 αδδιδι
541 4468 564 4515 b.
583 4468 689 4516 nauibus
706 4471 728 4516 2.

173 4503 185 4627 l
