3046 4980
266 299 308 365 12
587 312 753 363 onuoonn
774 313 822 360 vn
844 311 1109 361 accusaturus.

168 465 238 520 1073
264 478 360 525 mana
389 457 521 525 ecclesia
542 462 574 524 te
596 455 736 540 indigeat
759 459 791 522 et
812 455 847 521 in
868 454 1036 542 prudentia
1058 459 1113 521 tua
1134 451 1281 520 fiduciam
1304 452 1429 538 habeat,

151 539 249 600 Μ
263 594 328 642 non
349 575 485 659 ignoras.
519 573 604 641 Data
625 571 723 639 Rome
746 574 766 639 8
789 570 947 638 Kalendas
970 569 1057 655 Maii,
1079 570 1250 637 indictione
1276 573 1326 636 11.

243 749 328 857 Ι13.
352 785 502 856 Gaiderto
525 788 760 875 archiepiscopo
777 787 958 853 &connati
977 786 1086 852 eorda
1108 787 1147 851 dc
1167 788 1220 850 sai
1241 785 1386 851 electione
1401 798 1429 851 et

352 905 390 969 de
413 904 522 991 lepotis
544 917 650 970 matao
672 906 839 970 mittendis.

167 1041 236 1097 1073
352 1035 522 1122 Gregorius
544 1037 578 1103 in
600 1036 777 1104 Romanum
798 1034 979 1125 pontificem
1002 1034 1118 1102 electus
1141 1033 1291 1102 Guiberto
1305 1033 1428 1102 Raven-

150 1115 246 1176 ΔΜ
262 1154 329 1221 nati
353 1153 587 1241 archiepiscopo
610 1153 743 1220 salutem
766 1154 799 1220 in
823 1152 948 1219 Christo
971 1151 1052 1218 lesu.
1082 1247 1090 1259 .

350 1269 421 1337 Non
444 1269 633 1353 dubitamus,
657 1268 774 1335 lamam
796 1269 919 1336 litteras
942 1273 1067 1335 nostras
1090 1266 1285 1334 antevelasse
1309 1272 1341 1333 et
1361 1271 1427 1333 tam

148 1408 244 1469 span
261 1385 350 1453 robis
380 1405 474 1471 quam
497 1384 605 1452 multis
628 1384 699 1452 aliis
723 1385 841 1452 domini
863 1385 964 1452 nostri
988 1383 1161 1450 Alexandri
1182 1403 1284 1470 papae
1306 1382 1427 1450 obitum

211 1582 216 1591 ι
260 1502 437 1569 nunciasse.
483 1500 574 1581 Quod
602 1506 707 1568 autem
734 1501 813 1568 mihi
835 1501 926 1568 valde
948 1499 1136 1584 gemendum
1159 1504 1222 1584 est,
1251 1519 1336 1566 mors
1360 1500 1427 1568 eius

261 1639 356 1706 super
378 1639 429 1685 me
452 1618 566 1685 cecidit
588 1621 620 1684 et
642 1618 748 1685 omnia
769 1618 892 1685 viscera
914 1637 985 1684 mea
1007 1615 1188 1684 concutiens
1209 1616 1336 1703 penitus
1353 1635 1427 1683 con·

261 1734 408 1802 turbavit
455 1733 538 1800 Nam
565 1734 600 1800 in
621 1739 723 1800 morte
747 1734 814 1801 eius
835 1735 939 1821 primo
963 1733 1089 1819 quidem
1110 1731 1269 1799 Romanus
1292 1732 1427 1820 populus

260 1856 371 1918 contra
398 1871 518 1917 morem
547 1850 607 1917 ita*
623 1851 743 1935 quievit
765 1856 797 1917 et
818 1851 853 1917 in
872 1867 971 1916 ‘manu
993 1854 1101 1915 nostra
1123 1848 1247 1916 consilii
1268 1849 1358 1917 frena
1379 1849 1427 1916 di-

260 1967 363 2052 misit,
392 1972 429 2033 ut
455 1967 615 2035 evidenter
638 1971 822 2053 appareret,
853 1987 891 2032 en
914 1966 974 2033 Dei
997 1964 1213 2033 misericordia
1233 1965 1293 2033 hoc
1313 1986 1427 2053 prove-

259 2084 353 2151 nisse.
388 2081 477 2150 Unde
501 2088 627 2170 accepto
650 2082 779 2149 consilio
803 2081 863 2149 hoc
884 2083 1067 2149 statuimus:
1092 2087 1128 2148 ut
1148 2086 1223 2170 post
1244 2082 1426 2149 triduanum

259 2199 432 2284 ieiunium,
454 2203 527 2287 post
549 2199 682 2266 letanias
706 2204 738 2266 et
760 2198 932 2266 multorum
955 2199 1129 2266 orationem
1151 2198 1329 2266 elemosinis
1351 2219 1426 2267 oon·

259 2316 375 2400 ditum
404 2315 511 2382 divino
532 2315 605 2382 fulti
628 2315 746 2382 auxilio
769 2320 993 2400 statueremus,
1024 2315 1107 2401 quod
1130 2315 1168 2382 de
1192 2315 1342 2383 electione
1363 2314 1426 2383 aa

259 2433 346 2499 mani
372 2431 529 2520 pontificis
558 2432 717 2499 videretur
745 2431 867 2498 melias.
914 2431 976 2499 Sed
1004 2431 1124 2516 subito,
1153 2452 1225 2498 cum
1246 2432 1425 2520 praedictus

146 2570 202 2631 apr.
212 2570 243 2617 aa
259 2549 404 2617 dominus
426 2554 534 2616 noster
555 2569 640 2635 papa
661 2549 694 2614 in
710 2548 841 2615 ecclesia
857 2547 1029 2615 Salvatoris
1044 2548 1224 2635 sepulturae
1238 2549 1424 2635 auderetur,

259 2671 346 2733 ortus
375 2671 424 2733 est
445 2685 577 2750 magnus
600 2664 753 2732 tumultus
777 2663 885 2752 populi
908 2669 941 2732 et
961 2665 1120 2750 fremitus,
1151 2665 1238 2732 etin
1260 2686 1312 2733 me
1335 2665 1425 2752 quasi

258 2783 367 2850 vesani
394 2783 647 2868 insurrexerunt,
678 2781 723 2847 nil
746 2781 885 2865 dicendi,
915 2781 961 2848 nil
983 2781 1165 2849 consulendi
1188 2782 1346 2850 facultatis
1370 2788 1425 2850 aut

258 2899 355 2987 spatii
381 2899 603 2985 relinquentes.
644 2896 798 2965 Violentis
826 2898 972 2965 manibus
1001 2919 1052 2965 me
1077 2898 1239 2966 inlocum
1261 2899 1423 2985 apostolici

258 3015 431 3100 regiminis,
455 3015 505 3080 cui
527 3013 619 3099 longe
641 3013 745 3100 impar
768 3034 848 3098 sum,
872 3019 1053 3101 rapuerunt.
1094 3013 1143 3081 lta
1164 3021 1249 3082 recte
1271 3035 1328 3099 ego
1352 3036 1424 3082 cum

257 3131 413 3219 propheta
428 3150 558 3217 possum
576 3130 694 3196 dicere:
717 3130 796 3196 Veni
816 3134 852 3195 io
874 3130 1071 3197 aldradinem
1092 3136 1202 3214 mario,
1219 3145 1248 3198 rt
1262 3146 1424 3220 tempestas

258 3251 403 3314 demersit
424 3270 488 3324 me;
512 3247 656 3312 laboravi
677 3247 826 3328 clamne,
849 3270 966 3313 raucae
972 3249 1083 3334 sactae
1097 3250 1290 3335 samfoaoco
1304 3246 1423 3329 meac¹3

258 3364 408 3450 denique:
437 3362 546 3428 Troas
569 3376 597 3429 et
618 3377 732 3429 aanor
753 3377 903 3430 veneant
923 3387 1018 3452 saper
1037 3389 1096 3446 me,
1121 3379 1149 3431 eo
1163 3379 1363 3433 conteneant
1375 3390 1424 3433 me

257 3474 426 3547 anabaust
475 3477 536 3546 Sed
567 3479 655 3564 quia,
690 3478 798 3546 multis
828 3484 860 3546 et
887 3481 1009 3564 magnis
1038 3481 1122 3548 curis
1150 3481 1315 3567 fatigatus,
1345 3483 1422 3550 satis

257 3596 376 3663 dictare
398 3614 537 3681 nequeo,
564 3596 706 3662 miserias
729 3617 816 3664 meas
839 3618 1023 3665 enumerare
1046 3598 1245 3685 supersedeo.
1334 3600 1421 3684 Rogo

255 3712 363 3799 itaque
385 3733 441 3779 vos
464 3732 522 3799 per
545 3712 790 3799 omnipotentem
812 3713 934 3798 Deum,
961 3719 998 3781 ut
1019 3717 1199 3801 caritatem,
1229 3736 1323 3802 quam
1347 3738 1422 3803 erga

255 3828 431 3896 Romanam
454 3828 627 3912 ecclesiam,
650 3830 788 3897 maxime
810 3830 870 3897 hoc
892 3834 1034 3918 tempore
1057 3838 1098 3917 et,
1122 3837 1157 3899 ut
1171 3833 1353 3901 meminisse
1368 3835 1421 3902 de·

256 3945 347 4030 betis,
372 3966 447 4029 erga
469 3965 520 4012 me
543 3945 721 4032 specialiter
743 3967 799 4013 vos
821 3967 929 4030 gerere
952 3949 1152 4033 promisistis,
1175 3954 1329 4035 quantum
1352 3952 1421 4037 qni-

256 4062 328 4130 dem
349 4067 474 4149 tempus
498 4066 530 4129 et
551 4082 656 4128 rerum
680 4062 814 4148 qualitas
838 4063 921 4130 eius·
936 4064 1064 4150 probari
1082 4065 1231 4153 postulat,
1253 4087 1338 4134 nunc
1352 4068 1421 4154 qui-

256 4178 328 4247 dem
350 4180 384 4246 in
407 4199 473 4263 me,
503 4180 562 4246 etsi
583 4198 648 4246 non
670 4180 749 4246 meis
771 4181 909 4266 meritis,
938 4181 1044 4248 saltim
1067 4203 1173 4250 amore
1196 4184 1420 4270 apostolorum,

325 4344 346 4376 ι
361 4330 408 4376 vim
422 4334 470 4378 siue
485 4331 638 4378 sinceritatem
653 4332 765 4379 acidas«
779 4333 872 4379 videtur.

326 4426 351 4480 1.
370 4425 414 4480 rs.
429 4425 472 4495 ae,
486 4425 552 4481 aa
624 4427 649 4481 a.
668 4427 712 4482 rs.
728 4427 810 4497 aas.
