3046 4980
356 1102 589 1189 GREGORII
618 1103 686 1190 Vll
716 1104 1019 1190 REGISTRUM.

97 1450 230 1543 Fuisse
245 1482 312 1543 inm
327 1479 539 1566 superioribus
557 1480 688 1544 saeculis
704 1480 786 1544 liuns
801 1481 945 1545 ecclesiae
961 1481 1125 1546 Romanae
1140 1504 1267 1563 moran,

95 1597 141 1660 ud
163 1599 371 1660 constantiam
393 1609 422 1662 et
439 1599 679 1684 perpetuitatem
702 1597 904 1661 consiliorum
927 1600 1181 1684 neqotiorumque
1204 1620 1268 1663 ser·

94 1715 235 1776 eandam
253 1735 411 1800 perquam
432 1715 595 1794 idoneum,
618 1725 654 1778 ut
675 1713 816 1800 esempla
840 1717 978 1779 omnium
1001 1715 1220 1801 epistolarum,
1249 1740 1270 1781 u

95 1832 226 1893 summis
247 1830 445 1916 pontificibus
468 1833 626 1895 iussorum
648 1831 754 1910 scribi,
778 1834 813 1894 in
837 1853 886 1896 eos
911 1831 1017 1911 libros,
1044 1833 1101 1916 qui
1115 1844 1187 1895 sunt
1205 1832 1268 1897 Ile·

93 1959 183 2031 qesta
205 1948 270 2010 siue
291 1946 438 2032 Reqistra
459 1948 551 2028 dicti,
576 1959 719 2012 accurate
739 1947 946 2033 referrentur,
971 1949 1135 2012 notissima
1153 1969 1202 2012 res
1226 1961 1270 2013 est

96 2062 223 2148 alioque
247 2057 330 2127 loeo¹
344 2063 450 2128 multis
466 2064 668 2151 comprobata
682 2067 883 2150 arqumentis.
919 2063 988 2128 Neo
1004 2064 1178 2150 quidquam
1186 2086 1268 2151 pro-

87 2178 176 2262 ferto
199 2180 354 2243 rideretur
376 2182 496 2259 minus,
527 2201 623 2265 quam
651 2183 872 2266 praetermissa
902 2203 965 2245 esse
992 2182 1168 2245 necessaria
1194 2180 1270 2246 loeo

99 2299 329 2381 communisque
343 2267 569 2361 antecessorum
584 2298 770 2362 consuetudo
787 2321 808 2360 a
820 2299 948 2383 septimo
964 2293 1129 2382 Greqorio,
1146 2296 1270 2362 homins

99 2412 358 2496 inqsniosrssimo,
383 2416 506 2478 etiamsi
526 2415 595 2500 ipse
608 2416 794 2478 mentionem
814 2415 879 2478 eius
895 2416 943 2478 rei
956 2415 1084 2477 minime
1106 2412 1270 2478 obscuram

98 2551 160 2591 non
191 2529 372 2615 protulisset
406 2529 494 2613 infra
527 2532 562 2593 in
597 2530 673 2594 libri
693 2529 782 2594 VIII
805 2530 937 2616 episstola
959 2530 1004 2595 54
1032 2530 1076 2593 ad
1102 2529 1269 2614 Huqonem

98 2645 278 2730 episcopum
299 2644 449 2709 Diensem
475 2648 582 2708 missa.
629 2645 684 2710 Ili
712 2648 809 2709 enim:
839 2644 957 2727 „Quod
982 2669 1003 2708 a
1025 2644 1136 2708 nobis“
1165 2647 1270 2730 inquit

98 2759 239 2843 „factem
260 2783 459 2846 nequaquam
481 2761 655 2842 recolimus,
679 2785 735 2826 neo
757 2765 792 2826 in
815 2764 946 2848 reqistro
961 2772 1068 2825 nostro
1084 2760 1176 2825 liuius
1192 2785 1267 2825 oau-

98 2898 151 2939 sae
166 2875 284 2940 litteras
298 2879 460 2963 repperire
469 2880 648 2964 potuimus,·
671 2881 791 2944 noverit
806 2881 912 2965 itaque
921 2879 1094 2964 prudentia
1109 2889 1174 2957 tua,
1191 2880 1269 2962 quia

99 2993 195 3056 multa
223 3005 384 3079 tamquam
410 3018 431 3057 a
458 2994 548 3058 nobis
576 2994 760 3080 deferuntur
788 3007 816 3059 et
842 2997 961 3081 scripto
991 3006 1020 3058 et
1046 2995 1147 3074 diota,
1178 2994 1268 3059 nobes

99 3109 332 3173 nesmentibus“.
370 3108 489 3190 Quibus
505 3133 543 3175 eu
557 3111 658 3175 uerbis
669 3122 837 3198 perspectu
848 3110 1046 3196 facillimum
1062 3123 1115 3191 est,
1140 3113 1268 3198 copiosa

99 3224 155 3288 illa
178 3225 381 3311 epistolarum
408 3229 626 3290 universarum
652 3227 814 3291 uolumina
841 3226 897 3291 sul
926 3229 985 3292 isto
1010 3230 1102 3292 etiam
1120 3228 1268 3314 pontifice

101 3341 238 3424 confecta
260 3364 333 3422 esse,
358 3363 420 3427 quo
443 3354 472 3407 et
493 3345 619 3407 omnino
635 3365 684 3407 res
694 3342 827 3430 papalis
843 3344 1118 3407 administraretur
1132 3346 1267 3409 seuerius

100 3470 126 3520 et
146 3458 230 3522 illud
243 3480 367 3544 quoque
384 3458 549 3523 luxurians
564 3459 815 3524 adulterinarum
831 3459 1004 3524 litterarum
1017 3481 1115 3546 qenus
1128 3460 1267 3545 facilius

99 3575 338 3660 diqnososretur.
374 3575 419 3640 At
441 3577 526 3661 quod
549 3578 677 3641 esitium
700 3575 844 3661 lotifero
866 3577 981 3640 accidit
994 3589 1184 3662 reqestorum
1201 3601 1266 3664 pu·

97 3691 220 3775 palium
247 3693 340 3755 seriei
365 3693 409 3756 ad
437 3714 555 3756 annum
583 3691 671 3758 1198
697 3714 796 3777 usque
823 3693 986 3771 deductas,
1016 3695 1051 3757 in
1078 3694 1161 3757 idem
1186 3691 1265 3759 (Ire-

96 3810 182 3891 qorii
198 3806 268 3871 VII
287 3828 409 3893 quoque
422 3820 621 3873 monumenta
635 3808 694 3873 illa
705 3810 936 3895 pretiosissima
951 3811 1029 3894 quin
1044 3811 1108 3873 sint
1122 3809 1264 3895 delapsa,

98 3946 159 3987 non
179 3934 284 4011 potest
305 3946 369 3988 esse
391 3923 529 3990 dubium.

184 4039 298 4105 Nihilo
321 4043 419 4105 serius
436 4043 604 4128 proditum
625 4040 715 4107 nobis
739 4053 782 4105 est
799 4063 888 4128 opus,
913 4042 999 4125 quod
1012 4043 1086 4104 item
1100 4042 1267 4125 reqistrum

102 4153 249 4242 Grsqorii
265 4155 336 4221 VII
352 4158 467 4222 dieitur
489 4159 638 4243 cuiusque
660 4168 733 4221 sunt
750 4159 869 4223 oodioes
885 4156 1005 4221 calamo
1021 4159 1140 4244 scripti
1178 4156 1265 4238 Quo-

104 4294 165 4336 rum
186 4275 316 4360 quidem
336 4295 401 4337 non
424 4275 603 4338 veterrimus
624 4275 717 4352 modo
737 4296 843 4338 vuum
859 4274 951 4338 etiam
964 4275 1263 4360 praestantissimus,

166 4405 188 4460 1.
210 4404 244 4459 V.
259 4404 380 4473 ngosts
396 4406 471 4473 pont
483 4402 571 4475 Rom,
590 4401 678 4459 Prssf.
696 4420 723 4474 p.
736 4403 869 4460 111-1v.

139 4500 419 4554 summotonus-11
1018 4502 1034 4556 1
