3046 4980
249 267 291 334 10
564 284 729 335 causeum
751 286 799 333 vu
820 284 979 332 nnorsnru
1000 285 1052 332 11.
1066 278 1099 330 ι’.

150 432 219 488 1073
246 426 425 514 diversique
450 427 569 494 ordinis
593 425 848 511 acclamantibus,
872 425 1017 511 eligimus
1033 425 1124 493 nobis
1146 427 1180 493 in
1202 430 1360 513 pastorem
1384 433 1416 494 et

131 506 186 567 ψ’
199 507 228 552 2²
246 565 404 612 summum
431 542 611 632 pontificem
634 544 738 610 virum
765 543 961 628 religiosum,
990 542 1133 627 geminae
1162 542 1311 610 scientiae
1339 564 1415 630 pru·

246 660 353 728 deutia
373 659 559 749 pollentem,
589 661 756 746 aequitatis
784 665 816 726 et
837 659 976 726 iustitiae
998 659 1306 747 praestantissimum
1328 672 1414 726 ama·

244 782 362 861 torem,
392 776 427 843 in
456 776 595 843 adversis
623 777 754 861 fortem,
786 776 820 842 in
849 776 1009 863 prosperis
1038 779 1248 863 temperatum
1271 780 1303 843 et
1324 774 1415 844 iuxta

227 893 379 980 -apostoli
407 889 543 959 dictum¹
565 892 656 959 bonis
683 893 824 960 moribus
847 899 1009 977 ornatum,
1037 891 1202 980 pudicum,
1225 891 1413 978 modestum,

244 1008 401 1093 sobrium,
425 1013 561 1092 castum,
585 1008 788 1097 hospitalem,
818 1011 944 1078 domum
967 1030 1057 1077 suam
1079 1008 1158 1076 bene
1179 1012 1357 1093 regentem,
1379 1008 1413 1075 in

243 1126 363 1210 granno
385 1125 478 1191 huius
501 1124 613 1191 matris
635 1125 784 1194 ecclesiae
807 1127 977 1214 apueritia
992 1125 1069 1193 satis
1083 1123 1282 1190 notabiliter·
1299 1123 1412 1191 educa·

166 1299 169 1308 ,
243 1247 312 1309 tum
334 1246 366 1308 et
381 1241 507 1307 doctum
522 1245 616 1325 atque
631 1262 688 1328 pro
704 1241 788 1309 vitae
802 1244 915 1310 merito
929 1245 964 1311 in
978 1242 1247 1309 archidiaconatus
1261 1240 1411 1307 honorem

243 1378 342 1444 usque
356 1357 448 1423 hodie
465 1356 677 1442 sublimatum,
698 1357 968 1425 Heldibrandumb
983 1358 1128 1426 videlicet
1148 1356 1410 1442 archidiaconum,

244 1495 335 1561 quem
360 1474 524 1540 ammodo⁶
548 1479 580 1540 et
601 1494 700 1559 usque
722 1474 757 1541 in
779 1476 1006 1562 sempiternum
1028 1480 1060 1541 et
1082 1494 1150 1541 esse
1170 1477 1202 1540 et
1216 1473 1279 1540 dici
1293 1471 1411 1557 Grego-

242 1591 326 1659 rium
346 1610 463 1678 papam
487 1596 519 1657 et
541 1590 748 1678 apostolicum
769 1591 913 1658 uolumus
937 1596 969 1659 et
991 1589 1212 1678 approbamus.
1301 1589 1413 1655 Placet

242 1708 349 1776 coba?
371 1709 539 1788 „Plocct“.
624 1708 724 1773 Vultis
742 1709 831 1774 euno?
853 1708 1067 1788 „Volumus“.
1144 1707 1300 1772 Laudatas
1323 1707 1411 1772 eum!

242 1824 481 1906 „laudomua“.
570 1823 653 1890 Acta
674 1823 772 1890 Rome
798 1827 838 1890 10
860 1823 1017 1891 Kalendas
1040 1822 1127 1907 Maii,
1149 1822 1319 1890 indictione
1338 1825 1388 1889 11.

241 2030 258 2108 Ι
279 2024 331 2107 l*.
350 2035 522 2125 Greporaua
534 2037 605 2103 VII
614 2038 781 2104 Desiderio
800 2038 908 2105 abbam
922 2037 1086 2104 casinensi
1100 2060 1132 2102 se
1146 2060 1268 2126 papam
1283 2036 1409 2104 electam

347 2158 485 2220 ηαποὶατ.
520 2154 610 2220 Iubet
631 2177 700 2220 ewm
723 2157 767 2220 ad
787 2178 819 2221 ae
840 2153 972 2221 ueniret

144 2298 215 2354 1073
331 2286 500 2372 Gregorius
524 2288 557 2353 in
579 2287 757 2354 Romanum
779 2286 960 2375 pontificem
983 2287 1099 2355 electus
1113 2285 1278 2354 Desiderio
1302 2286 1409 2354 abbati

127 2371 182 2432 ΔΨ·
193 2372 224 2420 ²⁴
241 2405 423 2472 monasterii
439 2404 541 2470 sancti
555 2401 717 2470 Benedicti
728 2403 844 2471 Montis
856 2404 980 2472 Cossini
995 2404 1129 2471 salutem
1144 2405 1178 2470 iu
1189 2402 1314 2471 Christo
1326 2403 1406 2471 lesu.

127 2541 182 2602 apr.
193 2540 223 2588 a1
329 2521 483 2588 Dominus
504 2525 627 2588 noster·
642 2541 727 2608 papa
741 2520 923 2589 Alexander
944 2527 1086 2589 mortuus
1110 2526 1167 2587 est
1203 2520 1299 2588 Cuius
1321 2541 1408 2588 mors

173 2682 181 2700 .
240 2658 336 2725 super
358 2658 408 2704 me
431 2636 544 2704 cecidit
566 2641 598 2704 et
620 2638 727 2705 omnia
746 2638 868 2705 viscera
889 2659 961 2706 mea
982 2638 1162 2705 concutiens
1184 2637 1310 2724 penitus
1333 2657 1407 2705 eon·

240 2754 388 2822 turbavit
424 2752 521 2821 Nam‘
542 2753 575 2820 in
591 2758 700 2821 ‘morte
723 2755 851 2842 quidem
873 2756 940 2823 eius
956 2755 1116 2822 Romanus
1138 2752 1273 2841 populus
1297 2759 1407 2821 contra

240 2892 361 2940 morem
382 2872 429 2937 ita
451 2871 571 2957 quievit
593 2877 625 2938 et
646 2872 680 2937 in
702 2893 798 2939 manu
821 2877 931 2939 nostra
953 2871 1093 2938 consilii⁸
1107 2871 1197 2937 frena
1218 2870 1348 2956 dimisit,
1371 2877 1408 2938 ut

240 2989 401 3056 euidenter
424 2992 600 3074 appareret,
624 3008 661 3054 ex
685 2987 746 3054 Dei
768 2988 983 3056 misericordia
1004 2987 1063 3054 hoc
1084 2987 1276 3075 prouenisse.
1316 2987 1406 3054 Unde
1497 3075 1500 3080 Α

241 3109 368 3191 accepto
392 3105 521 3171 consilio
536 3105 596 3172 hoc
611 3105 795 3171 statuimus:
817 3111 854 3171 ut
868 3109 940 3191 post
954 3104 1136 3170 triduanum
1149 3104 1311 3188 ieiunium,
1334 3109 1407 3191 post

239 3219 373 3288 letanias
396 3224 428 3286 et
450 3221 620 3287 multorum
638 3221 812 3288 orationem
828 3221 1006 3289 elemosinis
1021 3220 1190 3304 condam,
1213 3219 1319 3286 divino
1334 3220 1407 3287 lulti

240 3336 358 3404 auxilio
389 3337 625 3421 statueremusl,
654 3337 749 3423 quod*
771 3337 883 3404 melius
913 3338 952 3404 de
974 3337 1124 3405 electione
1145 3337 1280 3404 Romani
1301 3337 1405 3424 ponti·

239 3451 306 3521 ficis
336 3452 522 3519 videretur&
570 3453 632 3521 Sed
660 3454 780 3538 subito,
815 3474 887 3521 cum
921 3454 1099 3541 praedictus
1128 3454 1272 3520 dominus
1298 3458 1406 3521 noster

124 3590 221 3651 spata
238 3589 323 3657 papa
356 3570 390 3634 in
425 3569 556 3636 ecclesia
586 3569 757 3636 Salvatoris
791 3570 970 3658 sepulturae
1002 3571 1194 3654 traderetur,
1229 3570 1329 3637 ortus¹
1357 3576 1406 3638 est

239 3705 371 3770 magnus
395 3685 547 3753 tumultus
569 3687 679 3775 populi
702 3692 734 3754 et
755 3687 909 3771 fremitus,
933 3687 1019 3754 etin
1042 3707 1093 3754 me
1115 3687 1206 3773 quasi
1225 3688 1334 3754 vesani
1356 3688 1404 3754 in-

238 3807 458 3886 surrexerunt,
492 3799 572 3886 [nilm
595 3804 733 3888 dicendi,
762 3803 808 3869 nil
833 3803 1014 3871 consulendi
1042 3803 1200 3871 facultatis
1228 3809 1283 3870 aut
1309 3804 1405 3891 spatii

307 3976 328 4008 a.
348 3962 456 4009 nobiliter
472 3964 498 4019 1,
514 3962 646 4009 notabiliter
660 3965 683 4008 2.
744 3964 767 4010 b,
786 3964 945 4011 ildebrandum
961 3966 983 4011 2.
1044 3976 1065 4010 c.
1081 3963 1165 4011 Emoda
1180 3965 1202 4010 1.
1268 3965 1290 4010 d
1311 3967 1404 4028 legiam

238 4045 303 4088 ctiam
329 4042 352 4096 2)
370 4059 407 4102 ap.
420 4044 518 4088 Paulum
534 4043 650 4099 livierint,
671 4045 736 4089 Pone.
753 4048 818 4091 Rom.
830 4046 868 4091 vic.
884 4045 918 4091 ed.
937 4044 1063 4091 Wauericls
1080 4047 1092 4090 1
1111 4045 1169 4100 484,
1196 4041 1219 4102 8)
1237 4061 1274 4103 ap.
1286 4047 1403 4107 Rugosam

236 4123 372 4170 flavinius..
391 4125 453 4169 Mon.
467 4124 539 4168 Germ.
552 4123 594 4170 SS.
610 4123 732 4170 7111422.
795 4138 814 4170 a.
831 4125 907 4171 ΜΒ.
969 4123 986 4170 i.
1002 4125 1026 4170 et
1040 4125 1063 4171 8.
1124 4137 1146 4183 g.
1162 4124 1198 4170 sul
1214 4125 1235 4170 8.
1297 4123 1320 4170 h.
1337 4125 1403 4172 insti·

237 4203 351 4248 tueremus
368 4202 389 4246 3.
450 4202 465 4246 i.
483 4201 537 4260 quid
553 4203 576 4248 3.
636 4201 660 4248 k.
676 4204 812 4250 statueretur
827 4205 849 4250 3.
910 4203 926 4250 1.
948 4205 1039 4250 exortus
1055 4205 1077 4251 8.
1139 4218 1169 4251 m.
1187 4203 1220 4250 nil
1239 4227 1262 4236 —
1280 4208 1404 4265 rapuerunt

238 4281 324 4328 addida·
337 4299 366 4326 ex
381 4299 415 4342 ep.
430 4282 443 4327 8
460 4285 522 4338 infra
535 4297 559 4340 p.
572 4283 609 4328 12.

308 4395 332 4448 1.
353 4393 497 4449 1mm0o.
513 4394 538 4464 s,
552 4395 576 4448 a.
