3046 4980
895 174 917 209 ·Ι

272 278 315 343 48
564 297 729 346 ennoonn
750 298 797 343 vn
820 297 978 353 necrsrnr
999 299 1012 344 1
1032 298 1086 343 aaa
1103 297 1140 342 co.

185 442 255 498 1073
272 459 335 505 non
356 443 430 525 post
450 437 578 522 longum
600 444 724 526 tempus
747 458 818 505 cnm
839 437 1029 506 fidelissimis
1058 440 1174 506 nostris
1196 437 1366 521 babebitis;
1396 457 1435 506 ex

273 552 385 638 quibus
407 561 531 639 nostra,
559 575 639 641 quae
665 555 766 623 adhuc
788 556 920 623 dicenda
940 560 1075 640 restant,
1104 554 1172 623 Deo
1195 555 1290 622 dante
1311 554 1436 643 plenius

273 670 415 737 audietis.

272 876 368 953 130.
397 882 596 953 Gedocrdam
630 887 898 974 archiepiscopum
933 887 1191 974 Soladorpenscm
1225 886 1434 974 reprehendit,

394 1005 480 1089 qaod
500 1025 556 1067 coe
578 1003 696 1068 litteras
719 1005 762 1068 ad
784 1026 816 1068 se
837 1007 957 1070 mmemt
978 1027 1034 1069 ooo
1056 1004 1182 1068 clericos
1204 1004 1248 1069 ad
1264 1005 1436 1070 emesam

393 1119 542 1207 impellat.
577 1119 682 1184 Huiaos
705 1120 852 1206 epistolae
875 1121 1004 1186 latorem
1026 1121 1226 1185 commendat.

171 1257 241 1312 10l3
361 1249 529 1336 Gregorius
557 1253 721 1340 episcopus
749 1273 858 1319 servus
887 1273 1049 1320 servornm
1070 1251 1131 1319 Dei
1160 1250 1323 1320 Geboardo
1347 1250 1436 1319 Sala-

154 1329 211 1377 Μ’
225 1330 255 1377 ¹⁶
271 1366 419 1452 burgensi
442 1369 587 1456 episcopo
610 1369 744 1436 salutern
767 1375 799 1436 et
821 1370 1024 1456 apostolicam
1046 1369 1303 1436 benedictionem.

361 1482 395 1551 Si
411 1504 448 1550 ea
461 1485 496 1550 in
511 1485 610 1570 vobis,
633 1505 728 1571 quam
747 1484 960 1573 sperabamus,
977 1507 1052 1571 erga
1065 1507 1123 1552 nos
1139 1485 1262 1552 dilectio
1277 1483 1435 1568 flagraret,

270 1601 360 1688 prius
383 1601 423 1667 ad
445 1622 501 1668 nos
524 1607 646 1668 vestrae
668 1623 762 1688 quarn
784 1607 909 1669 nostrae
933 1602 973 1668 ad
994 1622 1049 1669 vos
1065 1602 1187 1669 litterae
1201 1601 1434 1689 pervenissent3

272 1736 344 1783 cum
365 1717 399 1784 id
420 1718 555 1785 faciendi
577 1718 700 1785 facilius
723 1718 811 1786 vobis
833 1740 891 1807 per
912 1719 1019 1806 plures
1043 1719 1081 1785 ad
1096 1719 1207 1785 limina
1222 1717 1436 1805 apostolorum

271 1834 431 1901 venientes
455 1855 549 1920 quam
571 1834 661 1903 nobis
683 1856 740 1923 per
761 1856 859 1901 unam
880 1834 954 1902 hinc
976 1835 1016 1901 ad
1037 1856 1093 1901 vos
1112 1833 1361 1922 proficiscentem
1383 1852 1435 1900 oo·

271 1951 355 2016 casio
377 1951 563 2018 conferatur.
598 1951 664 2017 Nos
686 1957 793 2018 tamen
813 1951 975 2018 insalutati
997 1951 1134 2018 officinm
1157 1951 1352 2017 salutationis
1374 1951 1434 2016 im·

270 2065 437 2152 pendimus
459 2073 505 2151 et,
535 2088 629 2154 quam
652 2067 802 2153 solemus,
832 2068 1005 2135 dilectionis
1032 2068 1091 2135 tibi
1113 2068 1323 2135 sinceritatem
1347 2065 1434 2133 enhi-

271 2182 389 2249 bemus.
425 2181 488 2250 Sed
516 2190 578 2269 est,
606 2185 689 2252 unde
715 2185 945 2251 fraternitatem
970 2190 1059 2250 tuam
1088 2184 1295 2269 negligentiae
1321 2182 1435 2249 merito

272 2299 362 2384 argui
376 2304 541 2387 putamus:
566 2302 648 2387 quod
663 2302 702 2369 de
718 2302 861 2368 castimte
877 2302 1069 2388 clericorum,
1093 2304 1174 2369 sicut
1188 2300 1278 2367 nobis
1301 2299 1434 2366 rolatum

271 2422 329 2501 est,
351 2417 528 2504 praeceptis
542 2417 700 2485 Romanae
722 2418 844 2505 synodi,
868 2419 918 2485 cni
939 2419 1118 2504 interfuisti,
1139 2416 1320 2484 inobediens
1335 2434 1434 2501 nsque

270 2531 363 2599 hodie
384 2533 529 2600 ridearis.
565 2534 633 2615 Qua
653 2535 687 2601 in
708 2556 744 2602 re
767 2540 889 2602 tanturn
912 2535 950 2602 de
970 2540 1002 2602 te
1018 2536 1208 2602 admirantes
1229 2533 1356 2617 gravius
1379 2532 1435 2599 do·

269 2647 386 2735 lomus,
416 2655 569 2736 qnantum
596 2656 628 2718 tc
653 2651 731 2718 illud
753 2652 916 2719 sollicitius
940 2653 1064 2740 operari
1086 2649 1299 2739 sperabamus.
1344 2647 1434 2715 Unde

270 2767 441 2853 apostolica
455 2772 487 2834 te
503 2768 687 2835 auctoritate
702 2768 914 2855 admonemus,
937 2773 973 2834 nt
987 2768 1115 2835 clericos
1129 2773 1210 2852 tuos,
1231 2767 1285 2852 qni
1300 2765 1435 2852 turpiter

270 2889 505 2969 conversantur,
527 2885 679 2972 pastorali
693 2886 798 2969 rigore
812 2885 976 2953 coherceas
992 2890 1033 2970 et,
1049 2884 1133 2971 quod
1145 2882 1287 2950 Romana
1302 2881 1435 2949 ecclesia

131 3092 134 3097 ι
270 3004 318 3066 te·
341 2996 495 3067 testante¹
516 3001 555 3067 de
577 3001 777 3068 immunditia
804 3001 987 3069 clericorum
1014 3001 1140 3084 statuit,
1168 3020 1269 3086 neque
1298 2999 1434 3083 gratiam

269 3134 370 3200 neque
386 3117 492 3182 odium
507 3116 638 3183 abcuius
653 3118 862 3204 considerans,
886 3119 1042 3185 constanti
1056 3118 1241 3184 anctoritate
1253 3116 1287 3181 in
1303 3115 1435 3182 ecclesia

269 3235 326 3297 tna
346 3232 556 3319 praedicando
580 3253 734 3300 exerceas.
826 3233 971 3302 Ceterum
998 3255 1056 3322 pro
1086 3253 1192 3300 amore
1214 3231 1315 3299 sancti
1335 3230 1433 3315 Petri,

269 3347 358 3413 cuins
381 3348 491 3415 limina
511 3351 725 3436 praesentium
747 3351 881 3437 portitor
903 3351 1077 3437 requisivit,
1101 3349 1226 3416 studeat
1246 3348 1355 3433 religio
1378 3353 1434 3415 tua

269 3463 391 3530 viscera
412 3464 540 3551 pietatis
564 3466 624 3532 sibi
647 3467 779 3554 aperire,
801 3468 1002 3554 inquantum
1018 3487 1089 3533 oum
1104 3465 1204 3532 salute
1220 3466 1342 3531 animae
1357 3484 1433 3531 suae

268 3579 393 3647 ridetur
415 3580 473 3647 tibi
495 3602 588 3669 posse
613 3582 777 3666 fragilitati
805 3605 879 3651 suae
906 3583 1166 3664 condescendere3
1195 3587 1348 3669 quatenus
1370 3600 1433 3647 non

269 3698 429 3784 poeniteat
452 3718 523 3765 eum
546 3700 625 3765 tanti
647 3699 770 3766 itineris
792 3700 929 3766 laborem
954 3700 1085 3783 subisse,
1108 3699 1163 3765 sed
1183 3697 1326 3782 gandeat,
1350 3696 1433 3781 quod

269 3812 323 3880 diu
346 3815 511 3900 quaesivit,
535 3814 653 3882 scilicet
675 3816 775 3882 sancti
797 3815 883 3882 Petri
906 3816 1162 3899 misericordiam,
1185 3835 1242 3902 per
1263 3832 1321 3879 nos
1343 3813 1434 3879 iuxta

268 3934 377 3997 votum
399 3950 490 3997 sunm
518 3931 714 4019 impetrasse.
760 3931 843 3999 Data
865 3931 971 4019 Copae
999 3935 1036 3998 17
1060 3931 1216 3998 Kalendas
1238 3927 1432 4012 Decembris,

267 4045 437 4114 indictione
463 4051 513 4115 12.

338 4210 359 4244 a.
378 4199 402 4244 te
418 4198 509 4246 addida

341 4285 366 4339 1.
384 4283 594 4357 subscnbendo;
613 4282 660 4340 cfr.
679 4300 769 4355 supra,
788 4283 835 4340 ubi
852 4285 892 4340 sio
910 4289 965 4339 est:
986 4286 1146 4355 ,Romanae
1164 4283 1271 4357 synodi,
1290 4285 1334 4340 cni
1351 4284 1431 4340 inter·

268 4366 375 4428 low.

85 4604 228 4688 k.-
