3046 4980
450 307 615 359 cnnconn
637 310 685 357 vn
707 309 866 357 nnomrnr
886 280 991 357 rc-c.
1260 292 1301 360 13

132 448 297 516 ostendere
324 451 457 533 curetis3
488 456 520 517 et
542 449 754 536 suffraganeos
778 471 816 516 ac
838 449 918 517 lilios
941 450 1090 518 ecclesiae
1113 457 1236 519 vestrae
1260 452 1299 519 ad
1329 457 1398 513 1073

131 565 328 632 exorandum
349 565 451 632 Deum
479 588 538 654 pro
566 588 617 635 me
647 568 787 633 invitetis
816 587 852 633 ac
875 568 1116 652 commoneatis,
1146 574 1301 654 qnatenus
1317 531 1415 592 ΔΜ

131 680 172 746 ad
201 682 365 750 ferendum
388 702 483 767 onus,
511 683 594 770 quod
616 683 695 750 mihi
718 684 817 750 invito
840 689 872 750 ot
893 683 985 750 valde
1008 683 1175 750 reluctanti
1197 685 1300 771 impo-

130 798 227 864 situm
252 805 315 884 est,
340 800 423 866 vires
446 798 582 885 tribuat,
609 820 738 866 manum
759 800 917 886 porrigat,
942 807 992 884 ut,
1017 800 1044 866 si
1067 821 1118 866 me
1140 805 1244 867 tutum
1265 800 1300 867 in

129 919 226 1000 portu
254 921 339 982 stare
365 915 482 1001 noluit,
513 916 618 982 saltim
641 917 674 982 in
697 922 763 982 tam
786 915 851 982 alta
872 916 1014 1003 pericula
1037 917 1213 1003 proiectum
1235 936 1299 983 non

130 1029 298 1116 relinquat
333 1030 402 1117 Ego
425 1033 509 1099 enim
533 1033 614 1099 sicut
631 1033 665 1098 in
681 1033 760 1114 (θεν)
777 1033 908 1099 caritate
931 1053 994 1100 non
1017 1031 1091 1099 ficta
1112 1053 1168 1098 vos
1191 1031 1298 1117 diligo,

129 1147 176 1212 ita
199 1147 332 1214 eandem
355 1155 396 1232 et,
420 1169 634 1235 quaecumque
657 1149 724 1216 eius
747 1147 851 1216 officia
872 1155 956 1234 sunt,
980 1149 1103 1216 avcbis
1117 1147 1298 1215 indubitan-

128 1267 178 1329 ter
201 1264 304 1348 exigo.
348 1263 456 1350 Neque
479 1285 552 1332 vero
577 1264 737 1333 dilectioni
759 1270 882 1332 vestrae
905 1265 1112 1333 dubitandum
1135 1269 1198 1348 est,
1222 1263 1299 1351 quin

128 1377 306 1446 Romanam
334 1380 498 1448 ecclesiam
527 1387 559 1448 et
586 1402 672 1465 eam,
702 1381 752 1447 cui
774 1380 842 1448 Deo
872 1387 998 1448 auctore
1027 1380 1231 1468 praesidetis,
1261 1400 1299 1448 ec

128 1496 298 1563 concordio
328 1503 373 1581 et,
404 1505 556 1582 qnantum
578 1518 650 1564 cum
673 1497 832 1564 communi
856 1498 1017 1584 utriusque
1040 1497 1158 1565 honore
1180 1497 1297 1584 poteri·

127 1632 216 1697 mus,
252 1612 432 1679 omnimoda
460 1615 591 1681 caritate
620 1613 767 1700 copulare
797 1612 1027 1698 desideremus,
1055 1614 1152 1680 utin
1180 1613 1297 1679 nostris

129 1727 227 1793 etiam
253 1729 368 1794 animis
390 1749 515 1817 semper
538 1731 705 1797 coniuncta
725 1750 789 1816 pax
813 1735 845 1796 et
866 1729 961 1816 plena
983 1729 1108 1796 dilectio
1131 1735 1297 1796 connecta-

127 1848 188 1909 tur.
231 1843 319 1911 Sicut
341 1846 437 1930 igitur
458 1845 661 1932 prudentiam
683 1851 821 1912 vestram
843 1845 961 1912 hortati
983 1866 1108 1930 sumus,
1131 1845 1178 1911 ita
1200 1846 1297 1912 etiam

127 1979 185 2046 per
213 1957 386 2028 elementa¹
407 1968 515 2029 nostra
542 1961 703 2029 nouvelle
730 1983 767 2028 ac
789 1961 968 2029 desiderare
990 1962 1185 2045 cognoscite,
1209 1960 1296 2028 vide-

127 2074 201 2142 licet
215 2082 262 2161 ut,
284 2078 465 2164 frequenter
479 2079 562 2145 inter
584 2099 641 2145 nos
664 2078 777 2163 legatis
800 2078 1057 2162 discurrentibus,
1080 2076 1242 2144 collaetari
1265 2084 1297 2146 et

128 2197 238 2258 mutua
260 2194 473 2262 consolatione
494 2194 631 2280 gaudere
653 2195 820 2281 possimus.
855 2194 940 2262 Data
960 2194 1078 2262 Romae
1101 2193 1295 2262 dllalendas

129 2307 215 2393 licii,
238 2310 409 2379 indictione
434 2316 484 2378 11.

130 2514 192 2592 14.
212 2526 390 2591 Beato-icem
412 2528 585 2607 duciacum,
617 2526 754 2614 Uponem
777 2527 918 2592 abbatem
940 2525 1183 2607 aconensem,
1214 2528 1295 2593 alios

216 2643 254 2706 dc
275 2643 457 2728 ponteficum
481 2645 525 2708 od
546 2665 578 2707 ce
601 2644 702 2709 dedito
725 2645 821 2709 docet.

216 2772 387 2858 Gregorius
420 2776 454 2841 in
479 2775 656 2842 Romanum
690 2775 871 2863 pontificem
899 2775 1015 2843 electus
1044 2775 1181 2843 Beatrici
1211 2777 1292 2861 duci,
1321 2785 1391 2841 1073

129 2887 228 2974 Ugoni
263 2890 370 2957 abbati
402 2890 617 2976 Cluniacsnsi,
651 2889 835 2959 Manassae²
870 2892 1102 2979 archiepiscopo
1134 2891 1292 2977 Remensi
1310 2859 1406 2919 ΔΜ

130 3004 222 3074 Suein
244 3008 313 3092 regi
335 3006 508 3093 Denorum,
532 3008 637 3076 abbati
659 3004 877 3075 Massiliensi³.

213 3126 259 3191 In
283 3128 424 3191 ceteris
447 3129 601 3212 quidem
622 3128 846 3214 oporibus,
870 3128 1291 3213 oedcircasioemce'o·

126 3242 228 3326 palio
259 3242 443 3329 epistolia
471 3246 581 3309 iacta
605 3244 779 3309 locorum
802 3256 837 3308 et
853 3266 1117 3330 personarum
1140 3267 1291 3332 compe-

128 3362 285 3424 tentiam
307 3360 643 3447 discrepantibus.
681 3357 764 3424 Date
787 3357 885 3426 Rome
908 3362 929 3425 4
952 3359 1110 3426 Kalendas
1133 3359 1219 3445 Maii,
1242 3360 1291 3426 in·

129 3472 260 3541 dictione
287 3478 336 3541 ll.

129 3675 187 3754 15.
210 3688 364 3755 &inmo
387 3692 531 3777 eptacopc
546 3689 730 3756 florentino
752 3691 860 3755 scribit
882 3691 920 3755 de
942 3691 1039 3755 uidua
1060 3693 1289 3779 consumptivum

210 3817 321 3891 nupta.

211 3935 381 4022 Gregorius
404 3938 438 4003 in
459 3936 635 4005 Romanum
656 3937 838 4026 pontificem
860 3939 977 4007 electus
998 3938 1145 4006 Rainerio
1161 3937 1289 4005 lloren-
1317 3950 1386 4006 1073

126 4053 188 4120 tino
211 4055 360 4142 episcopo
383 4053 518 4121 salutem
541 4055 574 4121 in
598 4054 722 4122 Christo
745 4054 825 4122 Iesu.
1305 4023 1402 4084 ΔΜ

189 4237 210 4269 ι.
229 4237 258 4270 ω
270 4233 325 4283 poet
339 4224 444 4270 addua
459 4233 499 4271 ut.

190 4330 214 4384 1.
233 4344 284 4400 por
305 4328 418 4383 litteras.
446 4327 487 4384 (ll.
506 4326 798 4400 L.1110p.1oinfra
913 4330 938 4383 2.
961 4327 984 4384 1.
1099 4330 1126 4385 3.
1149 4329 1288 4387 Bernardo

123 4415 211 4474 otuu
229 4416 258 4474 S.
267 4417 389 4475 Victoris
405 4417 575 4474 Massiliensi
