3046 4980
503 1257 861 1359 PROOEMIUM.

93 1636 136 1741 ln
165 1669 282 1742 veteri
303 1667 517 1744 Germaniae
542 1672 718 1745 memoria
741 1695 817 1745 non
843 1672 1025 1769 reperitur
1051 1677 1193 1770 tempus
1215 1672 1270 1747 ul·

91 1811 186 1901 lum,
216 1835 288 1908 quo
316 1813 419 1906 regia
445 1819 605 1911 potestas
635 1820 671 1887 et
698 1815 921 1888 constantius
947 1814 1269 1913 vehementiusque

93 1960 367 2051 oppugnaretur
395 1960 430 2029 et
457 1961 711 2030 concuteretur
730 1957 922 2047 efficacius,
952 1980 1059 2053 quam
1076 1982 1160 2032 cum
1179 1956 1269 2032 Gre-

94 2097 219 2190 gorius
234 2095 297 2172 VH
324 2099 487 2195 pontifex
505 2098 699 2190 Romanus
728 2123 902 2173 summam
922 2100 1082 2174 omnium
1109 2101 1271 2195 gentium

95 2238 379 2314 dominationem
407 2248 593 2339 appetens,
621 2243 660 2315 in
687 2243 814 2339 primis
840 2241 1053 2316 Heinricum
1071 2241 1117 2317 lV
1147 2267 1271 2337 regem

94 2381 328 2456 validissimis
364 2384 540 2458 ecclesiae
570 2385 678 2457 armis
704 2384 1002 2482 persequebatur.
1060 2385 1179 2474 Quare
1208 2386 1270 2483 qui

95 2548 242 2618 gravem
270 2526 368 2600 illam
385 2526 557 2601 historiae
575 2534 720 2600 nostrae
745 2534 884 2624 partem
903 2528 1113 2625 perspicere
1132 2528 1269 2619 volunt

96 2690 158 2741 eos
187 2674 300 2742 totum
320 2669 415 2745 hunc
435 2670 645 2767 pontificem
669 2669 896 2767 praeclarum
916 2692 1138 2764 cognoscere
1159 2677 1194 2742 et
1212 2670 1268 2743 in-

95 2811 202 2903 genio
247 2817 283 2884 ot
317 2813 477 2886 consiliis
520 2818 556 2886 et
590 2812 693 2887 factis
727 2817 896 2910 oportere
932 2812 1160 2885 manifestum
1201 2817 1266 2886 est.

95 2951 220 3050 Neque
248 2978 336 3028 vero
355 2954 560 3029 huiusmodi
586 2955 738 3030 scientia
758 2978 802 3028 ex
822 2954 901 3027 aliis
920 2954 1119 3027 litterarum
1138 2978 1267 3028 monu-

95 3097 223 3169 mentis
253 3096 375 3191 colligi
402 3102 524 3195 potest
551 3102 612 3170 aut
639 3098 817 3172 sincerior
842 3102 902 3170 aut
925 3097 1132 3194 perfectior,
1162 3120 1269 3195 quam

95 3261 137 3310 ex
166 3239 281 3336 ipsius
307 3264 423 3337 papae
445 3240 617 3339 epistolis,
648 3263 799 3337 quarum
818 3239 936 3337 ampla
953 3262 1038 3336 pars
1057 3240 1095 3312 in
1114 3240 1268 3334 registro

94 3380 187 3454 inest
215 3381 259 3456 ab
289 3383 418 3457 eodem
443 3384 615 3481 pontifico
635 3383 776 3477 vulgari
794 3382 904 3456 iusso.
949 3380 1175 3479 Tantumque
1205 3381 1267 3456 ab·

92 3522 166 3613 tuit
183 3548 266 3598 curn
281 3526 478 3600 secundum
497 3526 592 3601 hunc
606 3525 847 3600 bibliothecae
861 3531 997 3599 tomum
1013 3523 1189 3619 Gregorio
1205 3523 1268 3600 VH

95 3664 341 3759 destinassem,
370 3676 410 3742 ut
436 3693 480 3742 ex
509 3670 663 3763 registro
684 3690 745 3740 eas
763 3672 902 3741 tantum
920 3667 1111 3762 seligerem
1131 3668 1266 3765 episto-

93 3806 154 3899 las,
186 3832 279 3906 quae
306 3812 455 3909 proprie
484 3811 528 3885 ad
547 3812 734 3885 historiam
754 3809 1003 3884 Germanicam
1025 3814 1199 3908 spectant,
1229 3813 1269 3882 ut

91 3952 262 4027 uniuerso
283 3978 394 4052 opere
413 3954 613 4052 proposito,
630 3977 755 4028 omnes
776 3954 884 4027 etiam
899 3975 1146 4050 quaecumque
1167 3956 1268 4025 extra

90 4096 282 4189 registrum
309 4097 543 4171 inveniuntur
569 4120 686 4195 papae
714 4096 851 4170 litteras
880 4096 1008 4168 afferre
1033 4094 1144 4168 satius
1162 4094 1265 4168 vide-

89 4245 199 4312 retur.
245 4239 381 4328 Quibus
411 4239 558 4314 adiunxi
589 4240 733 4335 insigne
760 4237 976 4313 Bonithonis
1005 4237 1170 4334 episcopi
1198 4235 1265 4312 Su-

88 4382 172 4457 trini
194 4406 285 4481 opus
305 4382 351 4458 ad
371 4383 535 4474 amicum,
551 4383 660 4480 idque
680 4382 837 4457 lectione
857 4380 983 4455 critica
1002 4379 1262 4475 dignissimum.
