<?xml version="1.0" encoding="UTF-8"?>
<!DOCTYPE html PUBLIC "-//W3C//DTD XHTML 1.0 Transitional//EN"
    "http://www.w3.org/TR/xhtml1/DTD/xhtml1-transitional.dtd">
<html xmlns="http://www.w3.org/1999/xhtml" xml:lang="en" lang="en">
 <head>
  <title>
</title>
<meta http-equiv="Content-Type" content="text/html;charset=utf-8" />
  <meta name='ocr-system' content='tesseract 3.04.00' />
  <meta name='ocr-capabilities' content='ocr_page ocr_carea ocr_par ocr_line ocrx_word'/>
</head>
<body>
  <div class='ocr_page' id='page_1' title='image "bibliothecareru02jaffgoog_0023.png"; bbox 0 0 3046 4980; ppageno 0'>
   <div class='ocr_carea' id='block_1_1' title="bbox 277 307 1091 373">
    <p class='ocr_par' dir='ltr' id='par_1_1' title="bbox 277 307 1091 373">
     <span class='ocr_line' id='line_1_1' title="bbox 277 307 1091 373; baseline -0.007 0"><span class='ocrx_word' id='word_1_1' title='bbox 277 307 297 373; x_wconf 86' lang='grc'><strong>6</strong></span> <span class='ocrx_word' id='word_1_2' title='bbox 634 319 799 370; x_wconf 76' lang='lat' dir='ltr'><em>onneonn</em></span> <span class='ocrx_word' id='word_1_3' title='bbox 822 321 870 368; x_wconf 87' lang='lat' dir='ltr'><em>vn</em></span> <span class='ocrx_word' id='word_1_4' title='bbox 892 319 1091 368; x_wconf 77' lang='lat' dir='ltr'><em>nnemrnon</em></span> 
     </span>
    </p>
   </div>
   <div class='ocr_carea' id='block_1_2' title="bbox 272 464 1451 1594">
    <p class='ocr_par' dir='ltr' id='par_1_2' title="bbox 272 464 1451 1594">
     <span class='ocr_line' id='line_1_2' title="bbox 276 464 1448 551; baseline -0.004 -19"><span class='ocrx_word' id='word_1_5' title='bbox 276 480 347 533; x_wconf 88' lang='lat' dir='ltr'><em>oato</em></span> <span class='ocrx_word' id='word_1_6' title='bbox 371 465 501 531; x_wconf 80' lang='lat' dir='ltr'><em>coucilia</em></span> <span class='ocrx_word' id='word_1_7' title='bbox 521 466 661 551; x_wconf 68' lang='lat' dir='ltr'><em>potuitne</em></span> <span class='ocrx_word' id='word_1_8' title='bbox 690 466 870 550; x_wconf 75' lang='lat' dir='ltr'><strong><em>quempiam</em></strong></span> <span class='ocrx_word' id='word_1_9' title='bbox 899 464 1068 528; x_wconf 76' lang='lat' dir='ltr'><em>arbitretur</em></span> <span class='ocrx_word' id='word_1_10' title='bbox 1096 464 1249 528; x_wconf 78' lang='lat' dir='ltr'><em>rimmodi</em></span> <span class='ocrx_word' id='word_1_11' title='bbox 1276 483 1355 548; x_wconf 80' lang='lat' dir='ltr'><em>apua</em></span> <span class='ocrx_word' id='word_1_12' title='bbox 1378 464 1448 527; x_wconf 88' lang='lat' dir='ltr'><em>oioo</em></span> 
     </span>
     <span class='ocr_line' id='line_1_3' title="bbox 276 576 1450 670; baseline -0.007 -21"><span class='ocrx_word' id='word_1_13' title='bbox 276 586 347 670; x_wconf 84' lang='lat' dir='ltr'><em>ipco</em></span> <span class='ocrx_word' id='word_1_14' title='bbox 366 579 518 667; x_wconf 81' lang='lat' dir='ltr'><em>Greqorio</em></span> <span class='ocrx_word' id='word_1_15' title='bbox 541 593 570 645; x_wconf 89' lang='lat' dir='ltr'><em>et</em></span> <span class='ocrx_word' id='word_1_16' title='bbox 584 580 720 663; x_wconf 82' lang='lat' dir='ltr'><em>fidenter</em></span> <span class='ocrx_word' id='word_1_17' title='bbox 741 580 804 644; x_wconf 81' lang='lat' dir='ltr'><em>cibi</em></span> <span class='ocrx_word' id='word_1_18' title='bbox 822 602 1000 666; x_wconf 79' lang='lat' dir='ltr'><em>proponere</em></span> <span class='ocrx_word' id='word_1_19' title='bbox 1021 592 1050 645; x_wconf 90' lang='lat' dir='ltr'><em>et</em></span> <span class='ocrx_word' id='word_1_20' title='bbox 1064 581 1218 644; x_wconf 78' lang='lat' dir='ltr'><em>adducere</em></span> <span class='ocrx_word' id='word_1_21' title='bbox 1233 579 1277 643; x_wconf 89' lang='lat' dir='ltr'><em>ad</em></span> <span class='ocrx_word' id='word_1_22' title='bbox 1292 576 1450 664; x_wconf 69' lang='lat' dir='ltr'><em>effectum!</em></span> 
     </span>
     <span class='ocr_line' id='line_1_4' title="bbox 279 694 1450 783; baseline -0.005 -19"><span class='ocrx_word' id='word_1_23' title='bbox 279 698 481 781; x_wconf 75' lang='lat' dir='ltr'><em>Quinimmo</em></span> <span class='ocrx_word' id='word_1_24' title='bbox 504 696 586 761; x_wconf 66' lang='lat' dir='ltr'><em>uelit</em></span> <span class='ocrx_word' id='word_1_25' title='bbox 606 699 708 782; x_wconf 78' lang='lat' dir='ltr'><em>maqic</em></span> <span class='ocrx_word' id='word_1_26' title='bbox 733 709 844 783; x_wconf 77' lang='lat' dir='ltr'><em>patere</em></span> <span class='ocrx_word' id='word_1_27' title='bbox 861 708 958 783; x_wconf 82' lang='lat' dir='ltr'><em>puto,</em></span> <span class='ocrx_word' id='word_1_28' title='bbox 989 718 1084 781; x_wconf 90' lang='lat' dir='ltr'><em>quam</em></span> <span class='ocrx_word' id='word_1_29' title='bbox 1111 718 1174 760; x_wconf 86' lang='lat' dir='ltr'><em>uou</em></span> <span class='ocrx_word' id='word_1_30' title='bbox 1201 698 1319 760; x_wconf 75' lang='lat' dir='ltr'><em>oioerue</em></span> <span class='ocrx_word' id='word_1_31' title='bbox 1348 694 1450 759; x_wconf 83' lang='lat' dir='ltr'><em>colum</em></span> 
     </span>
     <span class='ocr_line' id='line_1_5' title="bbox 277 808 1339 898; baseline -0.004 -19"><span class='ocrx_word' id='word_1_32' title='bbox 277 816 331 881; x_wconf 83' lang='lat' dir='ltr'><em>ced</em></span> <span class='ocrx_word' id='word_1_33' title='bbox 353 817 445 879; x_wconf 89' lang='lat' dir='ltr'><em>etiam</em></span> <span class='ocrx_word' id='word_1_34' title='bbox 467 812 589 878; x_wconf 74' lang='lat' dir='ltr'><em>iubente</em></span> <span class='ocrx_word' id='word_1_35' title='bbox 613 808 768 898; x_wconf 80' lang='lat' dir='ltr'><em>Greqorio</em></span> <span class='ocrx_word' id='word_1_36' title='bbox 791 811 873 877; x_wconf 79' lang='lat' dir='ltr'><em>Ituuc</em></span> <span class='ocrx_word' id='word_1_37' title='bbox 896 812 1011 877; x_wconf 85' lang='lat' dir='ltr'><em>librum</em></span> <span class='ocrx_word' id='word_1_38' title='bbox 1033 815 1245 898; x_wconf 83' lang='lat' dir='ltr'><em>coaccm&#39;ptmu</em></span> <span class='ocrx_word' id='word_1_39' title='bbox 1267 834 1339 876; x_wconf 77' lang='lat' dir='ltr'><em>eece.</em></span> 
     </span>
     <span class='ocr_line' id='line_1_6' title="bbox 367 927 1451 1014; baseline -0.002 -19"><span class='ocrx_word' id='word_1_40' title='bbox 367 927 461 995; x_wconf 76' lang='lat' dir='ltr'><em>Guiuc</em></span> <span class='ocrx_word' id='word_1_41' title='bbox 483 950 555 992; x_wconf 89' lang='lat' dir='ltr'><em>uera</em></span> <span class='ocrx_word' id='word_1_42' title='bbox 579 928 724 994; x_wconf 79' lang='lat' dir='ltr'><em>utilitatie</em></span> <span class='ocrx_word' id='word_1_43' title='bbox 754 951 849 993; x_wconf 74' lang='lat' dir='ltr'><em>cauca</em></span> <span class='ocrx_word' id='word_1_44' title='bbox 879 930 1009 993; x_wconf 80' lang='lat' dir='ltr'><em>eundem</em></span> <span class='ocrx_word' id='word_1_45' title='bbox 1036 927 1174 992; x_wconf 83' lang='lat' dir='ltr'><em>laborem</em></span> <span class='ocrx_word' id='word_1_46' title='bbox 1193 927 1304 1014; x_wconf 77' lang='lat' dir='ltr'><em>perfici</em></span> <span class='ocrx_word' id='word_1_47' title='bbox 1324 930 1451 993; x_wconf 69' lang='lat' dir='ltr'><em>iuuerit</em></span> 
     </span>
     <span class='ocr_line' id='line_1_7' title="bbox 272 1044 1447 1134; baseline -0.003 -22"><span class='ocrx_word' id='word_1_48' title='bbox 272 1047 430 1134; x_wconf 79' lang='lat' dir='ltr'><em>poutiseu,</em></span> <span class='ocrx_word' id='word_1_49' title='bbox 445 1044 549 1129; x_wconf 82' lang='lat' dir='ltr'><em>facile</em></span> <span class='ocrx_word' id='word_1_50' title='bbox 564 1047 690 1131; x_wconf 83' lang='lat' dir='ltr'><em>coquitu</em></span> <span class='ocrx_word' id='word_1_51' title='bbox 705 1046 836 1110; x_wconf 78' lang='lat' dir='ltr'><em>uidetur.</em></span> <span class='ocrx_word' id='word_1_52' title='bbox 871 1044 960 1110; x_wconf 93' lang='lat' dir='ltr'><em>Nam</em></span> <span class='ocrx_word' id='word_1_53' title='bbox 976 1045 1149 1109; x_wconf 71' lang='lat' dir='ltr'><em>sacerdotio</em></span> <span class='ocrx_word' id='word_1_54' title='bbox 1164 1046 1358 1130; x_wconf 73' lang='lat' dir='ltr'><em>imperioque</em></span> <span class='ocrx_word' id='word_1_55' title='bbox 1370 1066 1447 1129; x_wconf 85' lang='lat' dir='ltr'><em>qra-</em></span> 
     </span>
     <span class='ocr_line' id='line_1_8' title="bbox 276 1160 1450 1242; baseline -0.003 -14"><span class='ocrx_word' id='word_1_56' title='bbox 276 1166 401 1228; x_wconf 80' lang='lat' dir='ltr'><em>aiocime</em></span> <span class='ocrx_word' id='word_1_57' title='bbox 422 1165 503 1227; x_wconf 90' lang='lat' dir='ltr'><em>iuter</em></span> <span class='ocrx_word' id='word_1_58' title='bbox 517 1183 550 1225; x_wconf 81' lang='lat' dir='ltr'><em>ee</em></span> <span class='ocrx_word' id='word_1_59' title='bbox 565 1160 827 1242; x_wconf 77' lang='lat' dir='ltr'><em>dr&#39;ncardamibue,</em></span> <span class='ocrx_word' id='word_1_60' title='bbox 852 1183 922 1225; x_wconf 90' lang='lat' dir='ltr'><em>cum</em></span> <span class='ocrx_word' id='word_1_61' title='bbox 943 1173 1019 1226; x_wconf 75' lang='lat' dir='ltr'><em>ercet</em></span> <span class='ocrx_word' id='word_1_62' title='bbox 1034 1182 1068 1225; x_wconf 91' lang='lat' dir='ltr'><em>eo</em></span> <span class='ocrx_word' id='word_1_63' title='bbox 1083 1172 1217 1241; x_wconf 79' lang='lat' dir='ltr'><em>neutum,</em></span> <span class='ocrx_word' id='word_1_64' title='bbox 1240 1172 1275 1225; x_wconf 94' lang='lat' dir='ltr'><em>ut</em></span> <span class='ocrx_word' id='word_1_65' title='bbox 1289 1161 1450 1225; x_wconf 78' lang='lat' dir='ltr'><em>doariuac</em></span> 
     </span>
     <span class='ocr_line' id='line_1_9' title="bbox 278 1275 1449 1366; baseline -0.003 -22"><span class='ocrx_word' id='word_1_66' title='bbox 278 1301 400 1366; x_wconf 88' lang='lat' dir='ltr'><em>quoque</em></span> <span class='ocrx_word' id='word_1_67' title='bbox 423 1278 657 1361; x_wconf 70' lang='lat' dir='ltr'><em>litterarumque</em></span> <span class='ocrx_word' id='word_1_68' title='bbox 679 1278 777 1341; x_wconf 80' lang='lat' dir='ltr'><em>armic</em></span> <span class='ocrx_word' id='word_1_69' title='bbox 799 1279 956 1362; x_wconf 83' lang='lat' dir='ltr'><em>utrimque</em></span> <span class='ocrx_word' id='word_1_70' title='bbox 979 1279 1192 1356; x_wconf 67' lang='lat' dir='ltr'><em>dimicaretur,</em></span> <span class='ocrx_word' id='word_1_71' title='bbox 1216 1275 1449 1340; x_wconf 87' lang='lat' dir='ltr'><em>Herimauuum</em></span> 
     </span>
     <span class='ocr_line' id='line_1_10' title="bbox 278 1393 1448 1482; baseline -0.003 -23"><span class='ocrx_word' id='word_1_72' title='bbox 278 1397 459 1482; x_wconf 73' lang='lat' dir='ltr'><em>epucapum</em></span> <span class='ocrx_word' id='word_1_73' title='bbox 481 1393 663 1458; x_wconf 78' lang='lat' dir='ltr'><em>Metteueem</em></span> <span class='ocrx_word' id='word_1_74' title='bbox 685 1395 798 1457; x_wconf 82' lang='lat' dir='ltr'><em>ccimm</em></span> <span class='ocrx_word' id='word_1_75' title='bbox 823 1415 949 1478; x_wconf 84' lang='lat' dir='ltr'><em>epapa</em></span> <span class='ocrx_word' id='word_1_76' title='bbox 972 1396 1122 1479; x_wconf 79' lang='lat' dir='ltr'><em>eeeqicce,</em></span> <span class='ocrx_word' id='word_1_77' title='bbox 1147 1404 1313 1458; x_wconf 81' lang='lat' dir='ltr'><em>utcontra</em></span> <span class='ocrx_word' id='word_1_78' title='bbox 1336 1393 1448 1457; x_wconf 87' lang='lat' dir='ltr'><em>aduer-</em></span> 
     </span>
     <span class='ocr_line' id='line_1_11' title="bbox 277 1508 1451 1594; baseline -0.002 -19"><span class='ocrx_word' id='word_1_79' title='bbox 277 1513 396 1590; x_wconf 75' lang='grc' dir='ltr'><em>ιαιίοι,</em></span> <span class='ocrx_word' id='word_1_80' title='bbox 421 1509 606 1574; x_wconf 80' lang='lat' dir='ltr'><em>Heinricum</em></span> <span class='ocrx_word' id='word_1_81' title='bbox 624 1508 680 1574; x_wconf 90' lang='lat' dir='ltr'><em>IV</em></span> <span class='ocrx_word' id='word_1_82' title='bbox 697 1511 766 1572; x_wconf 90' lang='lat' dir='ltr'><em>iure</em></span> <span class='ocrx_word' id='word_1_83' title='bbox 790 1512 1088 1574; x_wconf 86' lang='lat' dir='ltr'><em>eucommuuicatum</em></span> <span class='ocrx_word' id='word_1_84' title='bbox 1110 1531 1173 1573; x_wconf 78' lang='lat' dir='ltr'><em>eece</em></span> <span class='ocrx_word' id='word_1_85' title='bbox 1194 1520 1357 1594; x_wconf 76' lang='lat' dir='ltr'><em>ueqautec,</em></span> <span class='ocrx_word' id='word_1_86' title='bbox 1387 1508 1451 1573; x_wconf 72' lang='lat' dir='ltr'><em>culti</em></span> 
     </span>
    </p>
   </div>
   <div class='ocr_carea' id='block_1_3' title="bbox 272 1622 1448 1714">
    <p class='ocr_par' dir='ltr' id='par_1_3' title="bbox 272 1622 1448 1714">
     <span class='ocr_line' id='line_1_12' title="bbox 272 1622 1448 1714; baseline -0.003 -22"><span class='ocrx_word' id='word_1_87' title='bbox 272 1649 335 1714; x_wconf 79' lang='lat' dir='ltr'><em>per</em></span> <span class='ocrx_word' id='word_1_88' title='bbox 350 1627 467 1691; x_wconf 76' lang='lat' dir='ltr'><em>litterae</em></span> <span class='ocrx_word' id='word_1_89' title='bbox 482 1625 666 1704; x_wconf 72' lang='lat' dir='ltr'><em>subueniret,</em></span> <span class='ocrx_word' id='word_1_90' title='bbox 682 1627 848 1711; x_wconf 78' lang='lat' dir='ltr'><em>iprumque</em></span> <span class='ocrx_word' id='word_1_91' title='bbox 862 1622 1051 1711; x_wconf 79' lang='lat' dir='ltr'><em>Greqarium</em></span> <span class='ocrx_word' id='word_1_92' title='bbox 1064 1625 1256 1690; x_wconf 78' lang='lat' dir='ltr'><em>uberrimam</em></span> <span class='ocrx_word' id='word_1_93' title='bbox 1269 1625 1360 1689; x_wconf 84' lang='lat' dir='ltr'><em>illam</em></span> <span class='ocrx_word' id='word_1_94' title='bbox 1371 1624 1448 1689; x_wconf 84' lang='lat' dir='ltr'><em>cele·</em></span> 
     </span>
    </p>
   </div>
   <div class='ocr_carea' id='block_1_4' title="bbox 198 1741 1450 4322">
    <p class='ocr_par' dir='ltr' id='par_1_4' title="bbox 198 1741 1450 4322">
     <span class='ocr_line' id='line_1_13' title="bbox 277 1741 1450 1829; baseline -0.002 -21"><span class='ocrx_word' id='word_1_95' title='bbox 277 1743 548 1828; x_wconf 82' lang='lat' dir='ltr'><em>bratireimamque</em></span> <span class='ocrx_word' id='word_1_96' title='bbox 559 1741 733 1828; x_wconf 73' lang='lat' dir='ltr'><em>epistolam,</em></span> <span class='ocrx_word' id='word_1_97' title='bbox 750 1741 798 1806; x_wconf 87' lang='lat' dir='ltr'><em>uel</em></span> <span class='ocrx_word' id='word_1_98' title='bbox 813 1742 951 1807; x_wconf 87' lang='lat' dir='ltr'><em>libellum</em></span> <span class='ocrx_word' id='word_1_99' title='bbox 963 1745 1069 1829; x_wconf 81' lang='lat' dir='ltr'><em>potiue</em></span> <span class='ocrx_word' id='word_1_100' title='bbox 1084 1744 1137 1806; x_wconf 80' lang='lat' dir='ltr'><em>cui</em></span> <span class='ocrx_word' id='word_1_101' title='bbox 1151 1741 1339 1826; x_wconf 73' lang='lat' dir='ltr'><em>defendendi</em></span> <span class='ocrx_word' id='word_1_102' title='bbox 1353 1763 1450 1806; x_wconf 81' lang='lat' dir='ltr'><em>cauca</em></span> 
     </span>
     <span class='ocr_line' id='line_1_14' title="bbox 277 1857 1448 1945; baseline -0.003 -21"><span class='ocrx_word' id='word_1_103' title='bbox 277 1862 439 1945; x_wconf 80' lang='lat' dir='ltr'><em>ccm&#39;ptum,</em></span> <span class='ocrx_word' id='word_1_104' title='bbox 464 1859 549 1943; x_wconf 87' lang='lat' dir='ltr'><em>quod</em></span> <span class='ocrx_word' id='word_1_105' title='bbox 562 1857 652 1942; x_wconf 73' lang='lat' dir='ltr'><em>iufra</em></span> <span class='ocrx_word' id='word_1_106' title='bbox 667 1857 780 1944; x_wconf 85' lang='lat' dir='ltr'><em>quitur</em></span> <span class='ocrx_word' id='word_1_107' title='bbox 795 1857 834 1922; x_wconf 88' lang='lat' dir='ltr'><em>L.</em></span> <span class='ocrx_word' id='word_1_108' title='bbox 854 1857 942 1923; x_wconf 87' lang='lat' dir='ltr'><em>VIII</em></span> <span class='ocrx_word' id='word_1_109' title='bbox 951 1857 1007 1938; x_wconf 79' lang='lat'><em>21,</em></span> <span class='ocrx_word' id='word_1_110' title='bbox 1031 1861 1066 1922; x_wconf 88' lang='lat' dir='ltr'><em>iu</em></span> <span class='ocrx_word' id='word_1_111' title='bbox 1076 1858 1241 1944; x_wconf 80' lang='lat' dir='ltr'><em>publicum</em></span> <span class='ocrx_word' id='word_1_112' title='bbox 1255 1858 1448 1943; x_wconf 70' lang='lat' dir='ltr'><em>luperam.</em></span> 
     </span>
     <span class='ocr_line' id='line_1_15' title="bbox 277 1974 1448 2060; baseline -0.001 -20"><span class='ocrx_word' id='word_1_113' title='bbox 277 1974 346 2041; x_wconf 89' lang='lat' dir='ltr'><em>Nec</em></span> <span class='ocrx_word' id='word_1_114' title='bbox 368 1975 464 2039; x_wconf 84' lang='lat' dir='ltr'><em>multo</em></span> <span class='ocrx_word' id='word_1_115' title='bbox 487 1996 573 2038; x_wconf 81' lang='lat' dir='ltr'><em>eccm</em></span> <span class='ocrx_word' id='word_1_116' title='bbox 597 1986 641 2038; x_wconf 81' lang='lat' dir='ltr'><em>eet</em></span> <span class='ocrx_word' id='word_1_117' title='bbox 662 1975 791 2038; x_wconf 88' lang='lat' dir='ltr'><em>iuteutio</em></span> <span class='ocrx_word' id='word_1_118' title='bbox 810 1996 920 2060; x_wconf 79' lang='lat' dir='ltr'><em>papae</em></span> <span class='ocrx_word' id='word_1_119' title='bbox 948 1975 1200 2060; x_wconf 75' lang='lat' dir='ltr'><em>interpretanda,</em></span> <span class='ocrx_word' id='word_1_120' title='bbox 1228 1986 1373 2039; x_wconf 85' lang='lat' dir='ltr'><em>cuuctum</em></span> <span class='ocrx_word' id='word_1_121' title='bbox 1398 1995 1448 2039; x_wconf 86' lang='lat' dir='ltr'><em>rc·</em></span> 
     </span>
     <span class='ocr_line' id='line_1_16' title="bbox 275 2090 1450 2178; baseline -0.003 -21"><span class='ocrx_word' id='word_1_122' title='bbox 275 2094 410 2178; x_wconf 82' lang='lat' dir='ltr'><em>qictrum</em></span> <span class='ocrx_word' id='word_1_123' title='bbox 432 2093 536 2154; x_wconf 78' lang='lat' dir='ltr'><em>miuuc</em></span> <span class='ocrx_word' id='word_1_124' title='bbox 560 2090 783 2173; x_wconf 80' lang='lat' dir='ltr'><em>conficiendum</em></span> <span class='ocrx_word' id='word_1_125' title='bbox 806 2092 955 2154; x_wconf 77' lang='lat' dir='ltr'><em>curantie.</em></span> <span class='ocrx_word' id='word_1_126' title='bbox 989 2090 1150 2154; x_wconf 74' lang='lat' dir='ltr'><em>Habemus</em></span> <span class='ocrx_word' id='word_1_127' title='bbox 1167 2092 1275 2176; x_wconf 85' lang='lat' dir='ltr'><em>iqitur,</em></span> <span class='ocrx_word' id='word_1_128' title='bbox 1299 2102 1334 2154; x_wconf 90' lang='lat' dir='ltr'><em>ut</em></span> <span class='ocrx_word' id='word_1_129' title='bbox 1347 2111 1450 2154; x_wconf 88' lang='lat' dir='ltr'><em>meum</em></span> 
     </span>
     <span class='ocr_line' id='line_1_17' title="bbox 279 2206 1448 2294; baseline -0.002 -22"><span class='ocrx_word' id='word_1_130' title='bbox 279 2209 404 2294; x_wconf 88' lang='lat' dir='ltr'><em>quidem</em></span> <span class='ocrx_word' id='word_1_131' title='bbox 426 2208 579 2272; x_wconf 89' lang='lat' dir='ltr'><em>iudicium</em></span> <span class='ocrx_word' id='word_1_132' title='bbox 601 2219 654 2286; x_wconf 81' lang='lat' dir='ltr'><em>eu,</em></span> <span class='ocrx_word' id='word_1_133' title='bbox 681 2206 796 2270; x_wconf 84' lang='lat' dir='ltr'><em>librum</em></span> <span class='ocrx_word' id='word_1_134' title='bbox 818 2207 857 2271; x_wconf 83' lang='lat' dir='ltr'><em>ab</em></span> <span class='ocrx_word' id='word_1_135' title='bbox 881 2209 950 2293; x_wconf 76' lang='lat' dir='ltr'><em>ipro</em></span> <span class='ocrx_word' id='word_1_136' title='bbox 968 2207 1117 2292; x_wconf 74' lang='lat' dir='ltr'><em>pontefice</em></span> <span class='ocrx_word' id='word_1_137' title='bbox 1139 2207 1199 2270; x_wconf 79' lang='lat' dir='ltr'><em>Ieac</em></span> <span class='ocrx_word' id='word_1_138' title='bbox 1217 2218 1316 2271; x_wconf 81' lang='lat' dir='ltr'><em>meme</em></span> <span class='ocrx_word' id='word_1_139' title='bbox 1331 2218 1359 2270; x_wconf 89' lang='lat' dir='ltr'><em>et</em></span> <span class='ocrx_word' id='word_1_140' title='bbox 1373 2228 1448 2270; x_wconf 89' lang='lat' dir='ltr'><em>cau-</em></span> 
     </span>
     <span class='ocr_line' id='line_1_18' title="bbox 278 2321 1448 2408; baseline 0 -20"><span class='ocrx_word' id='word_1_141' title='bbox 278 2323 376 2388; x_wconf 81' lang='lat' dir='ltr'><em>ecribi</em></span> <span class='ocrx_word' id='word_1_142' title='bbox 397 2336 425 2388; x_wconf 92' lang='lat' dir='ltr'><em>et</em></span> <span class='ocrx_word' id='word_1_143' title='bbox 446 2323 574 2408; x_wconf 84' lang='lat' dir='ltr'><em>oulqari</em></span> <span class='ocrx_word' id='word_1_144' title='bbox 594 2325 715 2387; x_wconf 68' lang='lat' dir='ltr'><em>iuncum</em></span> <span class='ocrx_word' id='word_1_145' title='bbox 737 2321 938 2402; x_wconf 80' lang='lat' dir='ltr'><em>auu01081,</em></span> <span class='ocrx_word' id='word_1_146' title='bbox 961 2335 995 2387; x_wconf 92' lang='lat' dir='ltr'><em>ut</em></span> <span class='ocrx_word' id='word_1_147' title='bbox 1018 2325 1083 2386; x_wconf 77' lang='lat' dir='ltr'><em>uuio</em></span> <span class='ocrx_word' id='word_1_148' title='bbox 1107 2335 1136 2386; x_wconf 87' lang='lat' dir='ltr'><em>et</em></span> <span class='ocrx_word' id='word_1_149' title='bbox 1157 2324 1201 2387; x_wconf 88' lang='lat' dir='ltr'><em>ad</em></span> <span class='ocrx_word' id='word_1_150' title='bbox 1222 2335 1319 2388; x_wconf 90' lang='lat' dir='ltr'><em>totam</em></span> <span class='ocrx_word' id='word_1_151' title='bbox 1340 2335 1448 2388; x_wconf 89' lang='lat' dir='ltr'><em>aucto·</em></span> 
     </span>
     <span class='ocr_line' id='line_1_19' title="bbox 277 2438 1448 2526; baseline 0.001 -22"><span class='ocrx_word' id='word_1_152' title='bbox 277 2442 401 2505; x_wconf 76' lang='lat' dir='ltr'><em>ritatem</em></span> <span class='ocrx_word' id='word_1_153' title='bbox 418 2438 616 2526; x_wconf 75' lang='lat' dir='ltr'><em>pontificiam</em></span> <span class='ocrx_word' id='word_1_154' title='bbox 637 2439 862 2503; x_wconf 76' lang='lat' dir='ltr'><em>uindicandam</em></span> <span class='ocrx_word' id='word_1_155' title='bbox 885 2450 913 2502; x_wconf 89' lang='lat' dir='ltr'><em>et</em></span> <span class='ocrx_word' id='word_1_156' title='bbox 927 2439 971 2503; x_wconf 90' lang='lat' dir='ltr'><em>ad</em></span> <span class='ocrx_word' id='word_1_157' title='bbox 985 2441 1086 2526; x_wconf 80' lang='lat' dir='ltr'><em>ipeiuc</em></span> <span class='ocrx_word' id='word_1_158' title='bbox 1102 2441 1302 2504; x_wconf 82' lang='lat' dir='ltr'><em>inimicorum</em></span> <span class='ocrx_word' id='word_1_159' title='bbox 1315 2442 1448 2525; x_wconf 78' lang='lat' dir='ltr'><em>imqretue</em></span> 
     </span>
     <span class='ocr_line' id='line_1_20' title="bbox 268 2554 1357 2642; baseline 0.001 -23"><span class='ocrx_word' id='word_1_160' title='bbox 268 2556 470 2642; x_wconf 75' lang='lat' dir='ltr'><em>sraaqeudae</em></span> <span class='ocrx_word' id='word_1_161' title='bbox 494 2555 725 2620; x_wconf 75' lang='lat' dir='ltr'><em>abuudantibm</em></span> <span class='ocrx_word' id='word_1_162' title='bbox 749 2554 924 2619; x_wconf 88' lang='lat' dir='ltr'><em>litterarum</em></span> <span class='ocrx_word' id='word_1_163' title='bbox 946 2555 1134 2620; x_wconf 71' lang='lat' dir='ltr'><em>adiumentis</em></span> <span class='ocrx_word' id='word_1_164' title='bbox 1157 2567 1357 2620; x_wconf 74' lang='lat' dir='ltr'><em>succurreret</em></span> 
     </span>
     <span class='ocr_line' id='line_1_21' title="bbox 366 2668 1449 2758; baseline 0.002 -23"><span class='ocrx_word' id='word_1_165' title='bbox 366 2671 472 2755; x_wconf 84' lang='lat' dir='ltr'><em>Atque</em></span> <span class='ocrx_word' id='word_1_166' title='bbox 494 2671 542 2735; x_wconf 75' lang='lat' dir='ltr'><em>Itu</em></span> <span class='ocrx_word' id='word_1_167' title='bbox 571 2671 719 2737; x_wconf 73' lang='lat' dir='ltr'><em>cubeidiio</em></span> <span class='ocrx_word' id='word_1_168' title='bbox 749 2691 845 2756; x_wconf 89' lang='lat' dir='ltr'><em>quam</em></span> <span class='ocrx_word' id='word_1_169' title='bbox 863 2669 1056 2754; x_wconf 81' lang='lat' dir='ltr'><em>fectiuaater</em></span> <span class='ocrx_word' id='word_1_170' title='bbox 1077 2674 1126 2736; x_wconf 91' lang='lat' dir='ltr'><em>uti</em></span> <span class='ocrx_word' id='word_1_171' title='bbox 1142 2694 1224 2758; x_wconf 77' lang='lat' dir='ltr'><em>parc</em></span> <span class='ocrx_word' id='word_1_172' title='bbox 1250 2668 1449 2758; x_wconf 79' lang='lat' dir='ltr'><em>Greqoriaua</em></span> 
     </span>
     <span class='ocr_line' id='line_1_22' title="bbox 278 2784 1447 2874; baseline 0.001 -22"><span class='ocrx_word' id='word_1_173' title='bbox 278 2788 441 2867; x_wconf 85' lang='lat' dir='ltr'><em>didicerit,</em></span> <span class='ocrx_word' id='word_1_174' title='bbox 470 2790 546 2853; x_wconf 75' lang='lat' dir='ltr'><em>ratic</em></span> <span class='ocrx_word' id='word_1_175' title='bbox 575 2800 619 2853; x_wconf 82' lang='grc' dir='ltr'><em>ιιι</em></span> <span class='ocrx_word' id='word_1_176' title='bbox 646 2790 746 2874; x_wconf 74' lang='lat' dir='ltr'><em>tiqui,</em></span> <span class='ocrx_word' id='word_1_177' title='bbox 778 2788 863 2872; x_wconf 89' lang='lat' dir='ltr'><em>quad</em></span> <span class='ocrx_word' id='word_1_178' title='bbox 884 2786 1064 2852; x_wconf 78' lang='lat' dir='ltr'><em>Berualduc</em></span> <span class='ocrx_word' id='word_1_179' title='bbox 1093 2784 1350 2868; x_wconf 82' lang='lat' dir='ltr'><em>Coactautieurin,</em></span> <span class='ocrx_word' id='word_1_180' title='bbox 1379 2811 1447 2854; x_wconf 91' lang='lat' dir='ltr'><em>mo·</em></span> 
     </span>
     <span class='ocr_line' id='line_1_23' title="bbox 277 2902 1447 2991; baseline 0.002 -23"><span class='ocrx_word' id='word_1_181' title='bbox 277 2905 396 2968; x_wconf 76' lang='lat' dir='ltr'><em>mariue</em></span> <span class='ocrx_word' id='word_1_182' title='bbox 421 2902 457 2969; x_wconf 81' lang='lat' dir='ltr'><em>S.</em></span> <span class='ocrx_word' id='word_1_183' title='bbox 473 2903 583 2968; x_wconf 79' lang='lat' dir='ltr'><em>Blanii</em></span> <span class='ocrx_word' id='word_1_184' title='bbox 598 2917 771 2991; x_wconf 71' lang='lat' dir='ltr'><em>posteaque</em></span> <span class='ocrx_word' id='word_1_185' title='bbox 787 2904 1039 2990; x_wconf 72' lang='lat' dir='ltr'><em>Scluafhucemu,</em></span> <span class='ocrx_word' id='word_1_186' title='bbox 1063 2905 1129 2968; x_wconf 90' lang='lat' dir='ltr'><em>iam</em></span> <span class='ocrx_word' id='word_1_187' title='bbox 1144 2904 1342 2985; x_wconf 81' lang='lat' dir='ltr'><em>auu01085‚</em></span> <span class='ocrx_word' id='word_1_188' title='bbox 1365 2905 1447 2990; x_wconf 76' lang='lat' dir='ltr'><em>refe·</em></span> 
     </span>
     <span class='ocr_line' id='line_1_24' title="bbox 278 3017 1447 3107; baseline 0.003 -24"><span class='ocrx_word' id='word_1_189' title='bbox 278 3042 349 3084; x_wconf 81' lang='lat' dir='ltr'><em>reue</em></span> <span class='ocrx_word' id='word_1_190' title='bbox 365 3021 404 3084; x_wconf 92' lang='lat' dir='ltr'><em>de</em></span> <span class='ocrx_word' id='word_1_191' title='bbox 421 3017 573 3105; x_wconf 80' lang='lat' dir='ltr'><em>Greqoria</em></span> <span class='ocrx_word' id='word_1_192' title='bbox 590 3023 738 3105; x_wconf 82' lang='lat' dir='ltr'><em>praaime</em></span> <span class='ocrx_word' id='word_1_193' title='bbox 754 3033 886 3101; x_wconf 88' lang='lat' dir='ltr'><em>mortuo,</em></span> <span class='ocrx_word' id='word_1_194' title='bbox 910 3020 992 3085; x_wconf 81' lang='lat' dir='ltr'><em>milui</em></span> <span class='ocrx_word' id='word_1_195' title='bbox 1003 3022 1215 3106; x_wconf 80' lang='lat' dir='ltr'><em>praectautiuc</em></span> <span class='ocrx_word' id='word_1_196' title='bbox 1229 3023 1300 3107; x_wconf 82' lang='lat' dir='ltr'><em>ipco</em></span> <span class='ocrx_word' id='word_1_197' title='bbox 1315 3025 1447 3107; x_wconf 76' lang='lat' dir='ltr'><em>reqintra</em></span> 
     </span>
     <span class='ocr_line' id='line_1_25' title="bbox 278 3134 1447 3225; baseline 0.002 -25"><span class='ocrx_word' id='word_1_198' title='bbox 278 3135 419 3220; x_wconf 74' lang='lat' dir='ltr'><em>miliique</em></span> <span class='ocrx_word' id='word_1_199' title='bbox 434 3134 558 3200; x_wconf 75' lang='lat' dir='ltr'><em>uberim</em></span> <span class='ocrx_word' id='word_1_200' title='bbox 575 3138 732 3221; x_wconf 84' lang='lat' dir='ltr'><em>aequitum</em></span> <span class='ocrx_word' id='word_1_201' title='bbox 746 3136 864 3217; x_wconf 77' lang='lat' dir='ltr'><em>Iuabuit,</em></span> <span class='ocrx_word' id='word_1_202' title='bbox 888 3138 971 3201; x_wconf 86' lang='lat' dir='ltr'><em>uude</em></span> <span class='ocrx_word' id='word_1_203' title='bbox 988 3139 1087 3201; x_wconf 76' lang='lat' dir='ltr'><em>uua</em></span> <span class='ocrx_word' id='word_1_204' title='bbox 1102 3139 1212 3222; x_wconf 83' lang='lat' dir='ltr'><em>maqui</em></span> <span class='ocrx_word' id='word_1_205' title='bbox 1225 3138 1359 3202; x_wconf 74' lang='lat' dir='ltr'><em>hominio</em></span> <span class='ocrx_word' id='word_1_206' title='bbox 1372 3160 1447 3225; x_wconf 84' lang='lat' dir='ltr'><em>per-</em></span> 
     </span>
     <span class='ocr_line' id='line_1_26' title="bbox 279 3247 1448 3339; baseline 0.004 -25"><span class='ocrx_word' id='word_1_207' title='bbox 279 3253 361 3338; x_wconf 70' lang='lat' dir='ltr'><em>spici</em></span> <span class='ocrx_word' id='word_1_208' title='bbox 376 3263 492 3337; x_wconf 77' lang='lat' dir='ltr'><em>parcet.</em></span> <span class='ocrx_word' id='word_1_209' title='bbox 526 3250 587 3316; x_wconf 75' lang='lat' dir='ltr'><em>Eut</em></span> <span class='ocrx_word' id='word_1_210' title='bbox 608 3253 690 3315; x_wconf 89' lang='lat' dir='ltr'><em>euim</em></span> <span class='ocrx_word' id='word_1_211' title='bbox 711 3255 756 3316; x_wconf 82' lang='lat' dir='ltr'><em>cic</em></span> <span class='ocrx_word' id='word_1_212' title='bbox 771 3254 860 3338; x_wconf 83' lang='lat' dir='ltr'><em>apud</em></span> <span class='ocrx_word' id='word_1_213' title='bbox 873 3247 997 3317; x_wconf 75' lang='lat' dir='ltr'><em>illum¹s</em></span> <span class='ocrx_word' id='word_1_214' title='bbox 1021 3253 1131 3331; x_wconf 76' lang='lat' dir='ltr'><em>„Erat</em></span> <span class='ocrx_word' id='word_1_215' title='bbox 1144 3256 1226 3317; x_wconf 84' lang='lat' dir='ltr'><em>euim</em></span> <span class='ocrx_word' id='word_1_216' title='bbox 1241 3250 1448 3339; x_wconf 77' lang='lat' dir='ltr'><em>(Greqoriue)</em></span> 
     </span>
     <span class='ocr_line' id='line_1_27' title="bbox 198 3367 1447 3455; baseline 0.004 -24"><span class='ocrx_word' id='word_1_217' title='bbox 198 3452 199 3455; x_wconf 8' lang='grc' dir='ltr'><strong>Ἴ</strong></span> <span class='ocrx_word' id='word_1_218' title='bbox 280 3367 449 3432; x_wconf 73' lang='lat' dir='ltr'><em>catholicae</em></span> <span class='ocrx_word' id='word_1_219' title='bbox 469 3367 631 3453; x_wconf 80' lang='lat' dir='ltr'><em>reliqiouic</em></span> <span class='ocrx_word' id='word_1_220' title='bbox 645 3367 899 3452; x_wconf 69' lang='lat' dir='ltr'><em>ferventissimus</em></span> <span class='ocrx_word' id='word_1_221' title='bbox 922 3371 1082 3434; x_wconf 82' lang='lat' dir='ltr'><em>iactitutor</em></span> <span class='ocrx_word' id='word_1_222' title='bbox 1100 3381 1128 3433; x_wconf 94' lang='lat' dir='ltr'><em>et</em></span> <span class='ocrx_word' id='word_1_223' title='bbox 1142 3369 1385 3435; x_wconf 63' lang='lat' dir='ltr'><em>aecclesiasticae</em></span> <span class='ocrx_word' id='word_1_224' title='bbox 1407 3372 1447 3436; x_wconf 87' lang='lat' dir='ltr'><em>li-</em></span> 
     </span>
     <span class='ocr_line' id='line_1_28' title="bbox 280 3482 1447 3569; baseline 0.003 -20"><span class='ocrx_word' id='word_1_225' title='bbox 280 3482 405 3549; x_wconf 83' lang='lat' dir='ltr'><em>bertatic</em></span> <span class='ocrx_word' id='word_1_226' title='bbox 427 3486 680 3549; x_wconf 78' lang='lat' dir='ltr'><em>ctreuuuieoimue</em></span> <span class='ocrx_word' id='word_1_227' title='bbox 704 3484 863 3569; x_wconf 64' lang='lat' dir='ltr'><em>desererem·</em></span> <span class='ocrx_word' id='word_1_228' title='bbox 891 3485 993 3550; x_wconf 83' lang='lat' dir='ltr'><em>ualuit</em></span> <span class='ocrx_word' id='word_1_229' title='bbox 1020 3508 1109 3567; x_wconf 78' lang='lat' dir='ltr'><em>caue,</em></span> <span class='ocrx_word' id='word_1_230' title='bbox 1141 3499 1177 3551; x_wconf 91' lang='lat' dir='ltr'><em>ut</em></span> <span class='ocrx_word' id='word_1_231' title='bbox 1204 3487 1447 3553; x_wconf 72' lang='lat' dir='ltr'><em>aecclemanticra</em></span> 
     </span>
     <span class='ocr_line' id='line_1_29' title="bbox 281 3599 1446 3681; baseline 0.003 -15"><span class='ocrx_word' id='word_1_232' title='bbox 281 3602 357 3666; x_wconf 91' lang='lat' dir='ltr'><em>ordo</em></span> <span class='ocrx_word' id='word_1_233' title='bbox 380 3599 523 3664; x_wconf 81' lang='lat' dir='ltr'><em>maaibm</em></span> <span class='ocrx_word' id='word_1_234' title='bbox 547 3599 700 3665; x_wconf 84' lang='lat' dir='ltr'><em>laicarum</em></span> <span class='ocrx_word' id='word_1_235' title='bbox 721 3601 900 3681; x_wconf 79' lang='lat' dir='ltr'><em>oudiaceret,</em></span> <span class='ocrx_word' id='word_1_236' title='bbox 923 3602 979 3666; x_wconf 81' lang='lat' dir='ltr'><em>ced</em></span> <span class='ocrx_word' id='word_1_237' title='bbox 1000 3604 1114 3666; x_wconf 78' lang='lat' dir='ltr'><em>eiodem</em></span> <span class='ocrx_word' id='word_1_238' title='bbox 1138 3615 1167 3668; x_wconf 92' lang='lat' dir='ltr'><em>et</em></span> <span class='ocrx_word' id='word_1_239' title='bbox 1186 3625 1309 3667; x_wconf 90' lang='lat' dir='ltr'><em>morum</em></span> <span class='ocrx_word' id='word_1_240' title='bbox 1330 3607 1446 3670; x_wconf 80' lang='lat' dir='ltr'><em>carreti-</em></span> 
     </span>
     <span class='ocr_line' id='line_1_30' title="bbox 280 3717 1446 3806; baseline 0.004 -24"><span class='ocrx_word' id='word_1_241' title='bbox 280 3729 341 3782; x_wconf 86' lang='lat' dir='ltr'><em>tate</em></span> <span class='ocrx_word' id='word_1_242' title='bbox 353 3729 380 3781; x_wconf 89' lang='grc' dir='ltr'><em>ιι</em></span> <span class='ocrx_word' id='word_1_243' title='bbox 395 3717 516 3781; x_wconf 74' lang='lat' dir='ltr'><em>ardinio</em></span> <span class='ocrx_word' id='word_1_244' title='bbox 532 3717 682 3802; x_wconf 83' lang='lat' dir='ltr'><em>diquitate</em></span> <span class='ocrx_word' id='word_1_245' title='bbox 692 3721 903 3804; x_wconf 76' lang='lat' dir='ltr'><em>praemineret</em></span> <span class='ocrx_word' id='word_1_246' title='bbox 908 3742 919 3795; x_wconf 89' lang='lat'><em>;</em></span> <span class='ocrx_word' id='word_1_247' title='bbox 935 3720 1021 3803; x_wconf 91' lang='lat' dir='ltr'><em>quod</em></span> <span class='ocrx_word' id='word_1_248' title='bbox 1035 3718 1125 3783; x_wconf 84' lang='lat' dir='ltr'><em>illum</em></span> <span class='ocrx_word' id='word_1_249' title='bbox 1137 3719 1231 3784; x_wconf 86' lang='lat' dir='ltr'><em>latere</em></span> <span class='ocrx_word' id='word_1_250' title='bbox 1244 3724 1446 3806; x_wconf 67' lang='lat' dir='ltr'><em>annumeret,</em></span> 
     </span>
     <span class='ocr_line' id='line_1_31' title="bbox 280 3831 1412 3922; baseline 0.003 -24"><span class='ocrx_word' id='word_1_251' title='bbox 280 3837 466 3920; x_wconf 88' lang='lat' dir='ltr'><em>quicumque</em></span> <span class='ocrx_word' id='word_1_252' title='bbox 488 3834 624 3897; x_wconf 70' lang='lat' dir='ltr'><em>eiusdem</em></span> <span class='ocrx_word' id='word_1_253' title='bbox 645 3835 812 3919; x_wconf 72' lang='lat' dir='ltr'><em>apostolic-i</em></span> <span class='ocrx_word' id='word_1_254' title='bbox 832 3847 983 3919; x_wconf 80' lang='lat' dir='ltr'><em>reqectum</em></span> <span class='ocrx_word' id='word_1_255' title='bbox 1006 3836 1169 3921; x_wconf 81' lang='lat' dir='ltr'><em>diliqeuter</em></span> <span class='ocrx_word' id='word_1_256' title='bbox 1187 3831 1412 3922; x_wconf 82' lang='lat' dir='ltr'><em>perleqerit“².</em></span> 
     </span>
     <span class='ocr_line' id='line_1_32' title="bbox 351 3978 1447 4052; baseline 0.005 -17"><span class='ocrx_word' id='word_1_257' title='bbox 351 3984 375 4035; x_wconf 91' lang='lat'><em>1.</em></span> <span class='ocrx_word' id='word_1_258' title='bbox 394 3981 466 4035; x_wconf 83' lang='lat' dir='ltr'><em>Mon.</em></span> <span class='ocrx_word' id='word_1_259' title='bbox 480 3978 571 4034; x_wconf 84' lang='lat' dir='ltr'><em>Germ.</em></span> <span class='ocrx_word' id='word_1_260' title='bbox 584 3978 632 4034; x_wconf 88' lang='lat' dir='ltr'><em>SS.</em></span> <span class='ocrx_word' id='word_1_261' title='bbox 644 3981 679 4037; x_wconf 91' lang='lat' dir='ltr'><em>V.</em></span> <span class='ocrx_word' id='word_1_262' title='bbox 692 3981 753 4034; x_wconf 92' lang='lat'><em>444.</em></span> <span class='ocrx_word' id='word_1_263' title='bbox 862 3983 887 4035; x_wconf 82' lang='lat'><em>2.</em></span> <span class='ocrx_word' id='word_1_264' title='bbox 906 3980 1022 4037; x_wconf 79' lang='lat' dir='ltr'><em>Saeculo</em></span> <span class='ocrx_word' id='word_1_265' title='bbox 1036 3982 1089 4037; x_wconf 89' lang='lat' dir='ltr'><em>XII</em></span> <span class='ocrx_word' id='word_1_266' title='bbox 1106 3980 1158 4037; x_wconf 86' lang='lat' dir='ltr'><em>fuit</em></span> <span class='ocrx_word' id='word_1_267' title='bbox 1171 3983 1338 4052; x_wconf 56' lang='lat' dir='ltr'><em>hispanae</em></span> <span class='ocrx_word' id='word_1_268' title='bbox 1356 3998 1447 4040; x_wconf 82' lang='lat' dir='ltr'><em>exem·</em></span> 
     </span>
     <span class='ocr_line' id='line_1_33' title="bbox 279 4068 1446 4140; baseline 0.005 -18"><span class='ocrx_word' id='word_1_269' title='bbox 279 4070 353 4139; x_wconf 87' lang='lat' dir='ltr'><em>plum</em></span> <span class='ocrx_word' id='word_1_270' title='bbox 379 4069 501 4140; x_wconf 81' lang='lat' dir='ltr'><em>registri,</em></span> <span class='ocrx_word' id='word_1_271' title='bbox 525 4075 556 4124; x_wconf 90' lang='lat' dir='ltr'><em>ut</em></span> <span class='ocrx_word' id='word_1_272' title='bbox 578 4084 613 4124; x_wconf 85' lang='lat' dir='ltr'><em>ex</em></span> <span class='ocrx_word' id='word_1_273' title='bbox 635 4068 782 4123; x_wconf 82' lang='lat' dir='ltr'><em>Annalium</em></span> <span class='ocrx_word' id='word_1_274' title='bbox 806 4069 1043 4140; x_wconf 78' lang='lat' dir='ltr'><em>Ratisponensinm</em></span> <span class='ocrx_word' id='word_1_275' title='bbox 1067 4071 1173 4126; x_wconf 77' lang='lat' dir='ltr'><em>circiter</em></span> <span class='ocrx_word' id='word_1_276' title='bbox 1195 4087 1267 4127; x_wconf 81' lang='lat' dir='ltr'><em>enno</em></span> <span class='ocrx_word' id='word_1_277' title='bbox 1291 4073 1360 4127; x_wconf 90' lang='lat'>1130</span> <span class='ocrx_word' id='word_1_278' title='bbox 1383 4089 1446 4129; x_wconf 89' lang='lat' dir='ltr'><em>con-</em></span> 
     </span>
     <span class='ocr_line' id='line_1_34' title="bbox 281 4152 1447 4228; baseline 0.006 -17"><span class='ocrx_word' id='word_1_279' title='bbox 281 4152 440 4226; x_wconf 71' lang='lat' dir='ltr'><em>scriptorum</em></span> <span class='ocrx_word' id='word_1_280' title='bbox 459 4157 550 4212; x_wconf 85' lang='lat' dir='ltr'><em>verbis</em></span> <span class='ocrx_word' id='word_1_281' title='bbox 573 4157 687 4226; x_wconf 82' lang='lat' dir='ltr'><em>intelligi</em></span> <span class='ocrx_word' id='word_1_282' title='bbox 710 4162 814 4228; x_wconf 83' lang='lat' dir='ltr'><em>potest,</em></span> <span class='ocrx_word' id='word_1_283' title='bbox 839 4158 874 4212; x_wconf 82' lang='lat' dir='ltr'><em>ad</em></span> <span class='ocrx_word' id='word_1_284' title='bbox 892 4174 992 4214; x_wconf 80' lang='lat' dir='ltr'><em>annum</em></span> <span class='ocrx_word' id='word_1_285' title='bbox 1012 4161 1080 4215; x_wconf 88' lang='grc'><strong>1089</strong></span> <span class='ocrx_word' id='word_1_286' title='bbox 1098 4160 1180 4226; x_wconf 81' lang='lat' dir='ltr'><em>(Man.</em></span> <span class='ocrx_word' id='word_1_287' title='bbox 1195 4160 1287 4216; x_wconf 85' lang='lat' dir='ltr'><em>Germ.</em></span> <span class='ocrx_word' id='word_1_288' title='bbox 1302 4159 1351 4216; x_wconf 88' lang='lat' dir='ltr'><em>SS.</em></span> <span class='ocrx_word' id='word_1_289' title='bbox 1366 4162 1447 4218; x_wconf 82' lang='lat' dir='ltr'><em>xvn</em></span> 
     </span>
     <span class='ocr_line' id='line_1_35' title="bbox 281 4245 1446 4322; baseline 0.006 -23"><span class='ocrx_word' id='word_1_290' title='bbox 281 4246 343 4311; x_wconf 86' lang='lat'>584)</span> <span class='ocrx_word' id='word_1_291' title='bbox 362 4247 452 4300; x_wconf 82' lang='lat' dir='ltr'><em>relatio</em></span> <span class='ocrx_word' id='word_1_292' title='bbox 470 4245 525 4300; x_wconf 81' lang='lat' dir='ltr'><em>hir:</em></span> <span class='ocrx_word' id='word_1_293' title='bbox 547 4245 692 4315; x_wconf 80' lang='lat' dir='ltr'><em>„Urbanus</em></span> <span class='ocrx_word' id='word_1_294' title='bbox 706 4245 733 4300; x_wconf 89' lang='lat'><em>11</em></span> <span class='ocrx_word' id='word_1_295' title='bbox 751 4277 784 4286; x_wconf 92' lang='lat'><em>-</em></span> <span class='ocrx_word' id='word_1_296' title='bbox 803 4252 897 4302; x_wconf 79' lang='lat' dir='ltr'><em>auctor</em></span> <span class='ocrx_word' id='word_1_297' title='bbox 915 4252 958 4302; x_wconf 87' lang='lat' dir='ltr'><em>est</em></span> <span class='ocrx_word' id='word_1_298' title='bbox 975 4247 1202 4304; x_wconf 79' lang='lat' dir='ltr'><em>Hierooalimitani</em></span> <span class='ocrx_word' id='word_1_299' title='bbox 1225 4250 1343 4322; x_wconf 80' lang='lat' dir='ltr'><em>itinerio3</em></span> <span class='ocrx_word' id='word_1_300' title='bbox 1368 4251 1446 4306; x_wconf 74' lang='lat' dir='ltr'><em>cuins</em></span> 
     </span>
    </p>
   </div>
   <div class='ocr_carea' id='block_1_5' title="bbox 281 4334 1445 4498">
    <p class='ocr_par' dir='ltr' id='par_1_5' title="bbox 281 4334 1445 4498">
     <span class='ocr_line' id='line_1_36' title="bbox 281 4334 1445 4408; baseline 0.006 -21"><span class='ocrx_word' id='word_1_301' title='bbox 281 4334 362 4388; x_wconf 82' lang='lat' dir='ltr'><em>etiam</em></span> <span class='ocrx_word' id='word_1_302' title='bbox 382 4334 438 4388; x_wconf 85' lang='lat' dir='ltr'><em>dux</em></span> <span class='ocrx_word' id='word_1_303' title='bbox 455 4350 517 4389; x_wconf 77' lang='lat' dir='ltr'><em>esse</em></span> <span class='ocrx_word' id='word_1_304' title='bbox 534 4335 659 4390; x_wconf 83' lang='lat' dir='ltr'><em>voluerut</em></span> <span class='ocrx_word' id='word_1_305' title='bbox 675 4334 823 4404; x_wconf 79' lang='lat' dir='ltr'><em>Gregorius</em></span> <span class='ocrx_word' id='word_1_306' title='bbox 835 4336 900 4405; x_wconf 87' lang='lat' dir='ltr'><em>vn,</em></span> <span class='ocrx_word' id='word_1_307' title='bbox 924 4340 955 4390; x_wconf 87' lang='lat' dir='ltr'><em>nt</em></span> <span class='ocrx_word' id='word_1_308' title='bbox 971 4336 1000 4390; x_wconf 92' lang='lat' dir='ltr'><em>in</em></span> <span class='ocrx_word' id='word_1_309' title='bbox 1017 4337 1076 4392; x_wconf 82' lang='lat' dir='ltr'><em>cius</em></span> <span class='ocrx_word' id='word_1_310' title='bbox 1093 4344 1201 4408; x_wconf 75' lang='lat' dir='ltr'><em>regesto</em></span> <span class='ocrx_word' id='word_1_311' title='bbox 1218 4339 1366 4408; x_wconf 56' lang='lat' dir='ltr'><em>reginum.</em></span> <span class='ocrx_word' id='word_1_312' title='bbox 1402 4337 1445 4396; x_wconf 81' lang='lat' dir='ltr'><em>Gi.</em></span> 
     </span>
     <span class='ocr_line' id='line_1_37' title="bbox 281 4422 1445 4498; baseline 0.007 -21"><span class='ocrx_word' id='word_1_313' title='bbox 281 4423 390 4478; x_wconf 80' lang='lat' dir='ltr'><em>Petrum</em></span> <span class='ocrx_word' id='word_1_314' title='bbox 409 4422 566 4495; x_wconf 77' lang='lat' dir='ltr'><em>diaconum,</em></span> <span class='ocrx_word' id='word_1_315' title='bbox 585 4423 632 4493; x_wconf 89' lang='lat' dir='ltr'><em>qui</em></span> <span class='ocrx_word' id='word_1_316' title='bbox 649 4424 677 4478; x_wconf 92' lang='lat' dir='ltr'><em>in</em></span> <span class='ocrx_word' id='word_1_317' title='bbox 695 4422 827 4479; x_wconf 77' lang='lat' dir='ltr'><em>Chronico</em></span> <span class='ocrx_word' id='word_1_318' title='bbox 845 4423 988 4480; x_wconf 68' lang='lat' dir='ltr'><em>(lesinensi</em></span> <span class='ocrx_word' id='word_1_319' title='bbox 1005 4425 1086 4494; x_wconf 77' lang='lat' dir='ltr'><em>(lion</em></span> <span class='ocrx_word' id='word_1_320' title='bbox 1101 4426 1193 4483; x_wconf 87' lang='lat' dir='ltr'><em>Germ.</em></span> <span class='ocrx_word' id='word_1_321' title='bbox 1207 4425 1320 4486; x_wconf 84' lang='lat' dir='ltr'><em>SS.VII</em></span> <span class='ocrx_word' id='word_1_322' title='bbox 1334 4429 1397 4498; x_wconf 78' lang='lat'>755)</span> <span class='ocrx_word' id='word_1_323' title='bbox 1414 4443 1445 4485; x_wconf 76' lang='grc' dir='ltr'>ω</span> 
     </span>
    </p>
   </div>
   <div class='ocr_carea' id='block_1_6' title="bbox 0 0 1528 4980">
    <p class='ocr_par' dir='ltr' id='par_1_6' title="bbox 0 0 1528 4980">
     <span class='ocr_line' id='line_1_38' title="bbox 0 0 1528 4980; baseline 0 0"><span class='ocrx_word' id='word_1_324' title='bbox 0 0 1528 4980; x_wconf 95' lang='lat' dir='ltr'><em> </em></span> 
     </span>
    </p>
   </div>
  </div>
 </body>
</html>
