3046 4980
221 271 287 335 552
443 282 610 332 anuoonn
633 283 680 327 vn
705 281 890 327 emenonis
914 279 1124 326 cortinorum.
1141 279 1180 324 aa

224 429 285 497 26.
311 429 453 513 Rodclfo
484 430 553 512 rapi
579 427 687 489 eccidit
715 426 754 488 de
777 424 924 488 Hecataei
949 425 1032 508 repas
1062 422 1273 508 legationibus
1302 422 1346 485 od
1370 443 1401 485 sc

311 548 425 609 namsia.
463 544 566 608 Addit
588 544 627 606 de
650 542 790 624 elipando
814 540 1049 625 archiepiscopo
1070 538 1367 624 Mupdcbarpenei·.

130 685 198 739 1079
312 677 482 760 Gregorius
513 676 678 761 episcopus
708 694 816 739 servus
846 693 1009 738 servorum
1031 671 1092 737 Dei
1113 670 1250 737 Rodulfo
1277 671 1348 754 regi
1371 675 1401 736 et

120 756 204 816 (pm)
223 794 367 859 omnibus
392 813 497 859 secum
522 791 727 857 christianam
749 789 933 872 religionem
957 787 1196 854 defendentibus
1216 786 1401 854 salutemet

223 910 429 995 apostolicam
453 907 711 974 benedictionem.

311 1025 400 1103 Quod
423 1044 554 1107 regnum
578 1021 853 1104 Theutonicorum,
879 1020 1029 1086 hactenus
1053 1020 1135 1086 inter
1159 1021 1267 1085 omnia
1291 1019 1400 1085 mundi

222 1162 319 1224 regna
342 1140 583 1222 nobilissimum,
607 1139 671 1202 iam
694 1137 785 1202 video
808 1136 963 1202 incendiis
986 1135 1133 1202 caedibus
1158 1142 1190 1202 et
1206 1135 1332 1222 rapinis
1349 1135 1401 1201 de·

223 1257 340 1322 vastari
368 1255 516 1322 confundi
545 1259 577 1320 et
604 1252 776 1336 annullari,
806 1273 900 1337 qnam
924 1273 1056 1334 magnus
1080 1252 1195 1318 exinde
1218 1252 1307 1318 cordi
1332 1273 1400 1318 meo

222 1372 311 1437 dolor
342 1371 492 1454 insideat,
524 1391 618 1454 quam
646 1369 812 1434 continuus
836 1369 869 1433 in
893 1368 1063 1434 visceribus
1086 1369 1166 1434 meis
1188 1389 1241 1434 me
1264 1368 1399 1451 gemitus

222 1486 356 1569 afficiat,
380 1487 470 1552 testis
495 1492 543 1552 est
564 1486 618 1551 ille
641 1485 743 1568 solus,
768 1485 822 1568 qui
845 1484 984 1549 omnium
1008 1485 1170 1550 hominum
1194 1483 1293 1550 corda
1316 1505 1400 1550 scru-

223 1608 307 1668 tatur
334 1609 366 1667 et
388 1601 511 1689 probat.
547 1601 740 1668 Deferuntur
763 1601 847 1666 enim
870 1601 965 1666 michi
988 1601 1053 1666 iam
1077 1601 1203 1685 saepius
1226 1598 1399 1683 legationes

222 1718 372 1800 Heinrioi,
397 1738 466 1783 cum
492 1738 548 1803 per
571 1717 717 1802 proprios
740 1717 868 1781 nuntios
891 1722 959 1782 tum
981 1737 1037 1803 per
1052 1722 1201 1799 cognatos
1218 1721 1250 1781 at
1266 1716 1398 1781 aliarum

223 1839 380 1899 terrarum
411 1834 570 1919 principes
595 1839 627 1897 et
649 1830 774 1914 affines,
804 1832 897 1897 modo
922 1853 1045 1898 omnem
1070 1831 1305 1899 oboedientiam
1327 1852 1397 1918 pro

223 1949 386 2032 mittendo,
409 1948 502 2014 modo
526 1969 583 2035 per
606 1947 694 2013 varia
717 1948 844 2030 ingenia
866 1948 1079 2029 sollicitand03
1103 1947 1137 2012 id
1161 1968 1180 2012 a
1203 1967 1254 2013 me
1277 1967 1396 2013 summo

222 2066 385 2130 conamine
414 2064 575 2150 cupientes
600 2062 738 2145 efficere,
767 2083 828 2147 quo
852 2085 903 2129 me
927 2063 966 2129 ad
989 2069 1096 2129 votnm
1120 2084 1213 2129 suum
1236 2064 1305 2130 suis
1328 2083 1397 2150 par·

222 2180 306 2245 tibus
330 2179 457 2245 valeant
478 2179 640 2244 inclinare.
678 2178 795 2243 Verum
819 2180 894 2264 quia
916 2179 989 2245 hinc
1011 2179 1084 2245 inde
1108 2185 1140 2245 et
1162 2179 1308 2246 Romana
1329 2200 1396 2263 gra·

223 2296 303 2361 vitas
333 2302 365 2361 et
394 2294 567 2382 apostolica
594 2295 802 2361 mansuetudo
832 2316 882 2361 me
911 2316 968 2380 per
991 2295 1128 2362 mediam
1151 2294 1293 2362 iustitiae
1316 2297 1395 2360 viam

221 2412 365 2477 incedere
395 2412 494 2494 cogit,
525 2410 670 2477 omnibus
700 2410 812 2496 quibus
840 2431 967 2497 possum
995 2411 1098 2476 modis
1121 2411 1180 2477 hoc
1203 2417 1331 2498 oportet
1351 2413 1396 2477 in·

221 2527 360 2611 tendere,
385 2527 539 2612 quomodo
555 2548 663 2592 veram
680 2548 699 2591 a
713 2526 795 2591 falsa
809 2527 974 2608 iustitiam,
991 2527 1162 2612 perfectam
1179 2547 1199 2592 a
1213 2525 1291 2593 ficta
1306 2528 1394 2594 oboe-

222 2644 373 2709 dientiam
396 2642 512 2709 indicio
537 2642 637 2708 sancti
654 2641 791 2727 Spiritus
814 2640 938 2706 valeam
961 2642 1139 2708 discernere
1157 2648 1190 2709 et
1203 2650 1275 2709 rato
1292 2644 1395 2710 ordine

166 2812 169 2817 .
222 2759 261 2824 ad
289 2758 385 2825 finem
408 2779 507 2843 usque
530 2758 711 2844 perducere.
747 2757 832 2822 Haec
854 2778 929 2823 vero
953 2762 985 2824 et
1007 2757 1086 2841 alia,
1117 2759 1144 2823 si
1166 2760 1309 2846 propitio
1332 2759 1395 2825 Dee

222 2875 341 2940 advos
370 2875 439 2940 sani
468 2873 670 2960 perveniunt,
707 2872 803 2956 legati
832 2872 895 2938 mei
923 2873 1035 2939 melius
1064 2894 1158 2959 quam
1187 2875 1247 2941 hac
1275 2875 1395 2942 litterae

221 2991 295 3056 viva
315 3011 392 3056 voce
415 2989 667 3056 testificabuntur
689 2993 720 3054 et
743 2987 908 3056 docebunt.
1306 3001 1309 3007 '

310 3105 428 3170 Audivi
452 3105 577 3191 quidem
600 3103 736 3187 alegato
753 3125 822 3171 meo
840 3104 888 3187 B,
912 3104 1113 3190 metropolim
1129 3104 1396 3192 Magedcburgen·

222 3239 288 3284 sem
311 3220 376 3284 iam
399 3220 453 3286 diu
477 3241 546 3286 esse
568 3216 748 3285 viduatam¹
771 3225 803 3285 et
826 3219 927 3286 adhuc
944 3240 1094 3305 perversa
1111 3223 1312 3305 quorundam
1326 3245 1395 3291 con·

221 3334 372 3417 tentione,
396 3356 435 3401 ne
452 3335 635 3421 desponsari
651 3336 763 3421 possit,
787 3336 885 3402 fuisse
900 3337 1068 3403 turbatam.
1104 3336 1162 3403 His
1179 3339 1283 3406 modis
1299 3341 1396 3407 omni·

222 3450 279 3515 bns
309 3471 348 3515 ex
375 3457 543 3537 praecepto
567 3451 626 3517 Dei
650 3451 875 3537 omnipotentis
900 3456 932 3517 et
954 3453 1054 3518 sancti
1077 3451 1164 3519 Petri
1188 3462 1221 3520 et
1243 3476 1330 3542 meo,
1359 3477 1395 3524 ne

221 3566 439 3652 praevaleant,
463 3568 616 3647 resistite3
642 3572 673 3633 et
696 3566 807 3632 domus
830 3566 891 3632 Dei
914 3567 1044 3650 dignum
1067 3567 1320 3654 dispensatorem
1343 3593 1396 3660 per

221 3682 334 3747 ostium
371 3682 586 3765 introducere,
624 3702 695 3748 cum
725 3683 884 3748 communi
912 3684 1052 3749 omnium
1081 3685 1305 3769 religiosorum
1333 3696 1395 3757 tam

222 3797 528 3884 archiepiscoporum
558 3818 651 3882 quam
683 3799 900 3885 episcoporum
925 3818 1068 3865 necnon
1093 3802 1189 3867 etiam
1213 3804 1394 3873 clericomm

221 3919 253 3979 et
274 3913 427 3979 laieorum
451 3934 605 3980 consensu
628 3919 660 3980 et
683 3914 835 3981 electione
857 3921 1035 4001 procurate.
1072 3916 1192 3995 Quodsi
1208 3921 1290 3986 meis
1304 3922 1393 3987 vultis

221 4029 423 4114 adquiescere
446 4029 614 4114 consiliisl,
646 4029 739 4096 audio
763 4030 848 4097 enim
870 4031 1032 4097 intervos
1056 4052 1125 4099 esse
1148 4036 1304 4118 quosdam
1326 4035 1394 4103 boni

290 4210 310 4242 a.
334 4198 414 4243 Edidit
429 4201 532 4245 Persius
549 4201 570 4243 ia
588 4200 699 4244 Brutianis
716 4199 775 4243 lello
791 4200 879 4245 saxon.
897 4217 916 4244 c.
930 4200 988 4256 119,
1005 4203 1068 4246 Mon.
1083 4203 1156 4248 cerm.
1169 4205 1213 4251 SS.
1228 4206 1254 4252 V
1263 4206 1309 4253 ⁸⁷8
1321 4204 1392 4251 etit

220 4290 242 4316 n.
254 4273 291 4319 55.
385 4275 407 4321 b.
423 4280 464 4322 sic.

292 4369 316 4421 1.
336 4368 478 4424 interiecto
497 4370 669 4427 Werinhario
687 4370 892 4443 archiepiscopo
911 4373 938 4427 d.
952 4375 968 4428 7
981 4373 1055 4443 Aug.
1071 4373 1149 4429 1078.
