3046 4980
431 311 596 361 onuconn
616 313 664 360 vn
685 306 961 360 anonumum
1237 295 1276 360 11

110 453 334 540 relinquentes,
371 454 521 521 Violentis
544 453 688 520 monibus
710 475 762 521 me
784 455 818 520 in
841 454 944 521 locum
966 454 1129 541 apostolici
1150 454 1278 539 regimi-
1305 459 1375 515 1073

110 572 172 654 nis,
196 572 247 637 eui
268 571 361 655 longe
383 572 487 658 imper
510 591 580 636 sum
602 569 798 658 rapuerunt]
823 572 869 637 its
890 575 926 637 ut
947 591 1020 638 oum
1033 571 1190 658 prophete
1203 591 1278 658 poe·
1294 534 1389 594 ΑΜ

110 687 172 753 sim
196 688 315 754 dicere:
339 688 417 753 Veni
437 692 471 752 e'e
494 689 659 753 altitudine
681 692 790 769 marte,
816 702 844 754 et
866 701 1027 776 tempestae
1050 691 1193 754 demersit
1212 711 1277 766 πως

111 805 257 870 laborari
278 806 434 884 clamans,
463 827 579 869 raucae
592 806 704 890 foetae
725 818 798 870 eunt
809 805 925 890 faeeee
947 800 1066 881 meae¹‚·
1094 808 1140 870 et:
1168 804 1278 871 Timor
1346 872 1348 879 ,

111 934 140 986 et
163 934 278 986 trernor
299 934 448 986 venerem
469 944 564 1008 seper
585 944 643 1002 me,
668 935 696 986 et
718 932 917 987 contexerent
930 943 979 985 me
994 915 1161 986 tenebrae².
1198 919 1276 986 Sed·

110 1036 290 1121 quonium⁶‚
314 1036 394 1104 lecto
417 1037 523 1102 iacens
545 1036 636 1104 valde
656 1037 816 1122 fatigatus,
840 1037 917 1103 satis
933 1036 1052 1103 dictare
1066 1056 1196 1122 nequeo,
1221 1056 1276 1102 en·

109 1153 232 1235 gastius
262 1173 348 1219 meas
378 1172 525 1219 enarrare
553 1153 751 1238 supersedeo.
842 1153 885 1219 Te
907 1153 1030 1238 itaque‘
1053 1173 1112 1239 per
1134 1153 1277 1240 omnipo·

109 1273 232 1335 tentem
253 1269 425 1335 Dominum
447 1289 534 1353 rogo,
558 1274 594 1335 ut
616 1268 871 1353 (suffraganeum)
894 1268 1008 1335 fratres
1031 1273 1064 1335 et
1084 1267 1175 1354 filios,
1199 1289 1276 1355 quoe
1293 1287 1391 1348 spese

109 1386 145 1451 in
160 1384 285 1451 Christo
309 1386 420 1469 nutris,
445 1385 486 1452 ed
507 1386 702 1452 exorandum
716 1386 820 1452 Deum
841 1405 899 1472 pro
922 1395 989 1452 me·
1008 1405 1159 1471 provoces
1183 1391 1216 1452 et
1237 1405 1277 1452 ex

110 1522 187 1568 vero
209 1502 341 1568 caritate
363 1502 493 1585 invites,
521 1506 674 1587 quotenus
698 1503 814 1586 oratio,
839 1522 918 1587 quae
940 1522 990 1568 me
1013 1501 1147 1568 liberere
1170 1501 1279 1569 debuit

110 1638 152 1684 ne
173 1617 382 1684 incurrerem‘
403 1617 594 1704 periculum,
624 1618 730 1685 saltim
753 1623 879 1684 tueatur
906 1619 939 1683 in
961 1617 1100 1705 periculo
1127 1620 1277 1705 positum.

111 1734 160 1800 Tu
182 1741 285 1800 autem
309 1736 378 1820 ipse
401 1735 581 1820 quantotius
605 1735 646 1801 ed
668 1756 725 1802 nos
740 1735 848 1801 venire
865 1755 928 1801 non
943 1735 1188 1821 praetermittas,
1212 1736 1277 1821 qui,

111 1856 265 1936 quantum
286 1850 429 1917 Romano
451 1851 581 1918 ecclesie
604 1857 635 1919 te
658 1851 798 1935 indigeat
821 1856 853 1917 et
874 1851 907 1917 in
929 1851 1099 1938 prudentie
1120 1856 1176 1918 tue
1197 1850 1277 1919 fidu·

110 1969 193 2034 eiam
216 1968 340 2052 habeat,
363 1988 427 2034 non
448 1968 584 2051 ignoras.
675 1967 845 2034 Dominam
866 1968 1022 2051 Agnetem
1043 1968 1277 2055 imperatricem

111 2090 143 2150 et
156 2084 345 2151 Roinoldum
361 2084 571 2151 venerabilem
587 2083 763 2151 Cumanum
786 2084 969 2171 episcopum
992 2105 1032 2152 ox
1054 2088 1164 2151 nostro
1185 2089 1277 2171 perte

111 2200 215 2267 soluts
238 2207 279 2284 et„
303 2207 456 2285 quantum
471 2222 546 2285 ergo
558 2222 617 2268 nos
633 2200 808 2267 dilectionis
823 2200 999 2286 habuerint,
1023 2221 1106 2268 nunc
1120 2207 1157 2268 ut
1172 2207 1277 2269 osten·

112 2317 204 2402 dent,
231 2323 342 2384 nostro
368 2317 437 2384 vioe
464 2316 598 2385 fideliter
626 2317 764 2385 obsecre.
810 2317 913 2385 Dote⁸
934 2318 1052 2385 Romae
1076 2320 1095 2384 8
1119 2317 1277 2387 Kalendas

112 2433 198 2519 maij,
221 2434 392 2501 indictione
419 2436 468 2500 ll.

112 2640 180 2718 l2.
211 2646 374 2734 Gieelfem
398 2652 578 2738 priempere
602 2649 838 2716 salernitanum
867 2651 905 2715 de
926 2650 1114 2737 pontificatu
1136 2663 1275 2737 suscepto

211 2770 371 2832 certiorem
384 2768 479 2852 feeit.
516 2768 630 2852 Ropat,
656 2769 715 2831 ceo
740 2767 876 2832 Romam
897 2770 1010 2832 veniae.

199 2898 370 2984 Gregorius
396 2900 430 2965 in
452 2899 628 2966 Romanum
649 2898 831 2986 pontificem
853 2900 970 2968 electus
993 2898 1115 2967 Gisulfo
1138 2897 1276 2967 Salerni·
1303 2909 1373 2965 1073

111 3019 185 3083 tuno
208 3016 346 3102 principi
369 3015 502 3083 salutem
525 3017 558 3082 in
582 3015 707 3083 Christo
729 3017 809 3084 Iesu.
1293 2983 1390 3044 ΔΜ

198 3131 354 3199 Dominus
376 3138 482 3200 noster
503 3133 684 3200 Alexander
706 3154 791 3220 pepe
812 3140 954 3201 mortuus
978 3138 1034 3200 est.
1071 3132 1166 3200 Cuius
1189 3153 1275 3200 mors

112 3267 205 3334 snper
227 3269 278 3315 me
302 3250 481 3316 cecidit...
507 3254 649 3331 omnia,
674 3265 870 3337 utsupra,
894 3274 1018 3337 usque
1040 3253 1089 3316 ed
1111 3253 1152 3316 id
1174 3252 1276 3337 quod

112 3370 185 3431 ait:
209 3366 253 3432 Te
274 3367 381 3452 itaque
403 3388 460 3454 per
482 3367 730 3453 omnipotentem
751 3366 923 3434 Dominum
944 3387 1031 3451 rogo,
1054 3374 1090 3432 ut
1112 3366 1275 3434 venerabi·

111 3481 172 3548 lem
194 3488 319 3568 patrem
333 3479 488 3551 Leonem⁸
510 3488 543 3550 et
564 3487 703 3551 caeteros
725 3483 888 3567 religiosos
905 3484 988 3550 viros
1003 3484 1037 3549 in
1051 3482 1195 3569 pertibus
1210 3482 1274 3550 illis

112 3605 340 3666 commorantes
364 3600 403 3666 ed
427 3600 621 3668 exorandum
634 3599 738 3666 Deum
761 3620 818 3686 pro
841 3621 892 3667 me
916 3620 954 3667 ex
977 3620 1054 3666 vero
1073 3600 1204 3666 caritate
1225 3600 1274 3666 iu·

113 3716 204 3799 vites,
235 3723 272 3782 ut
294 3716 412 3800 oratio,
441 3738 520 3803 quoe
543 3738 593 3783 me
615 3716 749 3785 liberere
773 3717 881 3783 debuit
908 3736 948 3783 ne
975 3716 1168 3783 incurrerem
1189 3714 1274 3801 peri·

112 3831 230 3917 culum,
260 3832 366 3900 saltim
393 3838 517 3900 tueatur
544 3835 578 3899 in
605 3833 746 3920 periculo
768 3834 916 3920 positum.
1008 3832 1055 3898 Tu
1078 3836 1184 3897 autem
1204 3831 1274 3917 ipse

111 3949 290 4034 quantotius
314 3950 355 4015 ad
377 3970 434 4016 nos
457 3950 564 4017 venire
586 3971 650 4018 non
672 3950 921 4037 praetermittes,
949 3949 1013 4035 qui,
1037 3952 1189 4034 quantum
1211 3947 1273 4014 Ro·

177 4160 196 4191 1.
212 4144 243 4190 st
259 4146 280 4191 3.
342 4145 365 4191 b.
381 4146 435 4206 quie
449 4146 547 4192 1113.
609 4159 629 4192 0.
644 4145 714 4204 igitur
729 4148 751 4202 2,
768 4160 857 4206 quoque
872 4147 894 4192 3.
956 4144 978 4191 d.
995 4142 1148 4201 suffraganeos
1161 4153 1215 4202 porr
1231 4144 1273 4191 ud-

110 4225 385 4282 mecoenas.
463 4227 677 4287 00101100113.
754 4225 771 4272 f.
783 4227 896 4272 incurram
909 4227 930 4271 1.
1005 4236 1026 4282 g.
1040 4223 1183 4272 Dete-11
1197 4241 1239 4272 0111.
1250 4225 1272 4272 8.

177 4340 201 4393 1.
226 4338 272 4393 Pe.
287 4339 330 4407 68,
345 4339 371 4393 3.
386 4339 412 4393 4.
502 4341 528 4395 2.
552 4339 597 4394 Ρ1.
609 4339 653 4410 54,
666 4340 692 4394 6.
780 4339 807 4396 3.
825 4337 953 4396 abbatem
970 4336 999 4395 S.
1014 4337 1155 4395 lriuitstie
1167 4337 1272 4396 Ceven-

107 4440 170 4499 eern,
186 4442 274 4499 prope
291 4425 443 4482 Salernum.
