3046 4980
213 285 279 353 556
408 301 575 350 ennoean
598 303 645 348 vn
668 302 854 349 nnrsnonaa
877 302 1084 350 consecras.
1101 299 1140 346 as.
1155 301 1195 346 ao.

126 452 195 506 1079
214 450 246 512 et
267 465 325 532 per
342 448 452 528 totam,
475 449 511 510 ut
526 444 693 528 credimus,
717 444 979 511 christianitatem
995 443 1136 508 famosus
1153 447 1186 509 et
1200 442 1388 510 venerabilis

123 523 195 584 (ψ’)
213 566 320 627 tantae
342 559 533 644 ignominiae
556 560 695 646 periculo
719 560 903 627 subiaceret.
939 558 1147 644 Quapropter,
1175 558 1268 624 huius
1290 563 1389 626 tama·

212 677 317 742 ritatis
339 696 455 741 nonam
478 675 612 741 inultam
636 696 704 742 esse
727 696 789 741 non
813 676 1007 742 ferentes-
1025 675 1213 760 praesertim
1236 693 1321 758 cum,
1344 674 1389 741 lo·

213 812 285 859 eum
308 799 447 858 vestrum
471 790 622 857 violatum
647 812 716 858 esse
740 798 772 858 et
794 791 938 877 exemplo
958 790 1051 857 huius
1065 791 1215 856 facinoris
1231 790 1389 857 deteriora

213 928 306 994 posse
322 907 410 974 vobis
427 908 617 991 contingere,
641 908 931 994 perpendamus-
949 907 1170 973 admonemus:
1192 911 1230 973 ιιι
1245 905 1387 972 divinum

213 1022 349 1090 officium
377 1023 411 1088 in
439 1023 571 1089 ecelesia
600 1022 683 1089 beati
711 1023 874 1089 Benedicti
903 1043 966 1089 non
995 1023 1135 1104 iaciatis3
1171 1021 1243 1105 sed,
1274 1022 1389 1089 altaria

212 1140 319 1204 omnia
342 1158 422 1223 quae
444 1139 529 1204 intus
553 1144 627 1204 sunt
650 1139 845 1223 detegentes,
878 1144 1029 1225 quantum
1053 1139 1095 1204 sit
1117 1136 1299 1204 huiusmodi
1321 1137 1387 1204 vio·

211 1254 343 1320 lacionis
366 1255 552 1339 perieulum,
577 1274 717 1339 quosque
740 1274 928 1338 cognoscere
949 1254 1083 1321 faciatis.
1119 1253 1261 1320 sienim
1285 1253 1321 1319 in
1338 1274 1386 1320 ec

212 1369 308 1436 elesia
330 1371 432 1435 saneti
447 1369 543 1453 Petri,
567 1370 704 1436 humano
728 1371 881 1455 sanguine
904 1391 1060 1457 respersa,
1084 1369 1227 1436 divinum
1248 1367 1385 1436 officium

211 1505 274 1551 non
298 1485 366 1552 sine
388 1485 532 1569 diligenti
554 1486 808 1553 reconciliatione
831 1486 1016 1571 celebratur,
1043 1486 1143 1552 multo
1166 1486 1268 1569 magis
1290 1486 1385 1571 istud,

212 1601 296 1686 quod
329 1602 362 1666 in
396 1601 528 1668 ecclesia
556 1601 640 1668 beati
669 1602 831 1668 Benedicti
860 1603 1067 1688 perniciosius
1095 1601 1301 1669 commissum
1329 1609 1384 1685 est,

212 1719 403 1803 competenti
425 1718 546 1801 indiget
569 1718 758 1804 expiatione.
795 1719 858 1785 Vos
881 1719 987 1803 itaque
1010 1720 1259 1805 omnipotentem
1277 1716 1384 1784 Domi·

211 1854 286 1898 num
309 1835 464 1901 instanter
487 1834 711 1919 deprecamini,
736 1841 771 1900 ut
794 1835 945 1901 tristiciae
963 1836 1078 1901 mentis
1092 1839 1222 1900 nostrae
1238 1833 1385 1917 dignetur

211 1970 306 2035 super
328 1949 387 2016 hac
408 1971 443 2015 re
466 1949 557 2016 nobis
580 1949 829 2016 consolacionem
852 1951 1035 2036 impendere
1059 1956 1091 2015 et
1112 1950 1152 2015 ad
1174 1949 1383 2036 reparandam

211 2066 244 2130 in
268 2065 353 2130 omni
376 2069 532 2130 vestram·
554 2065 750 2150 dignitatem,
773 2066 877 2132 modis
893 2065 1006 2151 quibus
1021 2065 1120 2149 decet,
1143 2084 1202 2131 nos
1218 2066 1382 2132 instruere.

214 2276 274 2347 30.
298 2279 475 2344 Monaedes
499 2276 681 2344 Corinenses
709 2281 873 2345 r'atcrdirto
903 2302 1004 2366 anper
1031 2283 1066 2344 in
1095 2302 1145 2345 eoa
1173 2283 1318 2367 irrogato
1347 2281 1382 2346 ob

299 2398 466 2460 instantem
489 2399 679 2461 ascensionis
692 2396 816 2480 festam
838 2393 997 2461 mactatu.

123 2539 192 2593 1079
301 2526 470 2611 Gregorius
500 2529 666 2614 episcopus
695 2548 804 2595 servus
834 2548 996 2594 servorum
1019 2526 1080 2594 Dei
1109 2527 1285 2595 venerabili
1312 2547 1382 2595 con·

119 2610 192 2672 (³¹²⁵)
209 2644 385 2727 gregationi
415 2642 612 2710 Cassinensis
647 2644 788 2711 coenobii
822 2643 956 2710 salntem
990 2649 1022 2710 et
1056 2643 1264 2730 apostolicam
1291 2644 1382 2712 bene·

210 2759 387 2825 dictionem.

298 2873 416 2960 Nuper,
441 2875 638 2942 dilectissimi
660 2875 785 2958 stanes,
807 2894 876 2958 nos,
900 2873 1053 2941 violencia
1074 2874 1232 2959 sacrilegii
1247 2875 1381 2942 hnicre·

209 2992 428 3056 versatissimo
457 2991 526 3058 loco
549 2991 638 3057 illata
661 2991 832 3077 compulsi,
863 2996 986 3057 vestrae
1009 2990 1159 3057 ccclesiae
1183 2989 1323 3058 officium
1345 2991 1380 3057 ob

209 3111 333 3172 tantum
355 3106 477 3173 facinus
499 3108 672 3190 irrogatum
695 3107 925 3173 interdiximus.
956 3107 1072 3173 Verum
1096 3107 1172 3192 quia
1192 3109 1381 3174 ascensionis

209 3218 337 3286 Domini
369 3219 604 3309 sollempnitas¹
626 3227 693 3288 toto
717 3223 905 3289 venerabilis
935 3222 1003 3289 orbi
1031 3241 1115 3288 nune
1137 3219 1301 3312 imminet,
1328 3244 1381 3289 no·

208 3336 309 3403 lentes
332 3338 395 3403 iam
419 3343 550 3424 propter
574 3337 706 3405 alicuius
730 3337 831 3407 scelus
854 3338 887 3404 in
910 3343 998 3405 tanto
1021 3337 1103 3404 festo
1118 3344 1185 3403 tam
1200 3339 1380 3424 religiosum

208 3452 312 3519 locum
332 3452 433 3519 officio
450 3453 578 3540 pietatis
594 3473 711 3538 carere,
735 3453 941 3538 decrevimus,
965 3459 997 3520 et
1011 3474 1066 3520 vos
1082 3458 1114 3520 et
1129 3454 1267 3521 eundem
1281 3455 1380 3522 laeum

210 3569 249 3636 ab
276 3569 443 3636 interdicto
474 3569 645 3637 absolvere.
694 3569 909 3656 Quapropter,
942 3569 1115 3656 apostolica
1141 3571 1381 3638 mansuetudine

209 3686 305 3770 ducti,
329 3685 490 3752 reddimus
515 3690 546 3752 et
569 3685 719 3752 ecclesiae
743 3685 952 3752 ministerium
977 3690 1008 3751 et
1022 3685 1142 3751 cultum
1157 3684 1338 3771 religionis⁸
1352 3693 1381 3753 et

209 3802 368 3868 devotioni
390 3807 515 3867 vestrae
536 3801 698 3867 licentiam
721 3801 909 3869 celebrandi.
988 3799 1141 3868 Volumus
1166 3803 1269 3869 eciam
1292 3809 1380 3888 atque

209 3937 357 4001 rogamus
381 3918 546 3984 caritatem
568 3924 716 4001 vestram,
740 3925 776 3984 ut
797 3918 898 3984 nostri
920 3937 1075 3983 memores
1093 3938 1151 4004 pro
1167 3918 1262 3986 nobis
1277 3938 1378 4006 preces

208 4033 348 4100 fundatis
377 4033 417 4098 ad
439 4032 627 4116 Dominum,
656 4053 714 4119 pro
745 4040 829 4101 statu
853 4054 977 4119 quoque
999 4038 1127 4100 sanctae
1149 4033 1313 4102 Romanas
1333 4053 1378 4101 ec·

278 4170 298 4202 ι.
318 4160 393 4204 vostro
410 4159 432 4203 2.
530 4157 554 4204 b.
575 4160 612 4203 Ex
629 4161 692 4204 Para·
711 4159 772 4204 diac.
789 4162 876 4221 registr.
891 4160 935 4214 sol.
947 4159 975 4204 21
992 4177 1014 4204 ιι.
1026 4157 1055 4205 35
1076 4159 1150 4204 edidis
1172 4157 1195 4217 l)
1213 4162 1309 4207 corula
1324 4163 1376 4207 msa

209 4235 517 4296 attauaecasin.p.149,
539 4235 562 4295 2)
580 4241 643 4285 Toni
656 4240 734 4286 Statio
750 4239 777 4283 dr'
792 4241 930 4286 Mortuum.
947 4241 960 4285 1
975 4238 1029 4285 428.
1128 4251 1148 4284 ο.
1170 4239 1321 4288 ωἱυίειοτίω
1335 4237 1374 4285 cul·

208 4315 299 4373 tumque
315 4315 429 4373 religiosis
445 4318 466 4363 2.

280 4393 304 4445 l.
322 4391 386 4446 Mai.
399 4394 424 4448 2.
