3046 4980
453 345 620 395 eunoun
642 348 690 394 vn
712 347 910 415 emesenam
1249 331 1270 398 8

93 491 173 552 ce'toa
196 489 399 574 epuwlucuon
421 492 457 554 in
471 490 529 555 noc
545 513 637 577 opere
651 492 883 556 collocutorum.
922 490 1001 573 Quia
1025 495 1107 555 enim
1122 494 1267 572 crederet,

90 608 233 691 ponticae
255 608 432 691 continqere
449 603 603 693 Greqon'o
626 606 696 672 VII
704 608 848 693 pontifici
861 611 1029 694 imperium
1050 608 1271 694 eccleeiomque

91 725 246 786 counione
273 725 474 802 concutienti,
509 735 545 788 ut
576 723 625 787 uel
652 735 714 788 toto
746 728 835 789 tectio
860 725 1061 810 pontificatue
1091 746 1175 789 anno
1206 747 1270 790 non

92 838 262 902 deminuet
282 838 355 924 plue
379 859 476 923 quum
498 862 560 918 coe,
586 842 723 927 quaein
747 844 835 905 tectio
858 843 986 926 ceqieton‘
1005 840 1098 904 isuiue
1115 841 1195 905 libro
1218 845 1269 906 in·

91 966 182 1033 aunt,
212 955 359 1040 eputoloe
388 958 503 1039 umints‘
530 979 643 1034 unam,
673 956 722 1020 uel
743 969 857 1041 quarto
881 979 965 1021 anno
991 978 1056 1020 non
1074 956 1151 1042 plue
1175 979 1271 1042 quum

93 1069 173 1134 libii
194 1074 302 1155 quarti
324 1072 471 1157 mutoloe
494 1074 609 1157 oiqinti
631 1085 697 1137 octo
707 1066 724 1135 ¹.

187 1185 270 1252 Sunt
284 1199 387 1251 autem
401 1190 435 1251 in
446 1201 600 1275 promptu
615 1190 736 1253 indicio
751 1209 952 1274 nequaquem
966 1188 1152 1267 dubitanda,
1165 1191 1269 1252 minuce

93 1303 183 1388 quod
203 1306 354 1368 cemaneit
376 1326 455 1390 opue
473 1307 657 1391 prooenuee
679 1327 717 1369 ec
739 1307 810 1391 ipeo
832 1305 957 1391 perdito
984 1308 1116 1390 requiro
1138 1307 1267 1368 neuiorc.

98 1417 189 1484 Talia
213 1422 352 1483 enimin
374 1420 432 1485 loc
454 1423 534 1486 iueet
556 1424 692 1485 uoculae
724 1421 926 1506 epistolarum
955 1443 1068 1506 eaeque
1094 1420 1270 1506 plurimum

92 1548 169 1599 eunt
190 1548 255 1600 tum
276 1536 450 1620 aequaliter
473 1549 500 1601 ct
523 1539 667 1602 continue
686 1559 747 1623 pec
767 1549 908 1622 temporo
925 1537 1106 1623 diepoeitee,
1132 1550 1167 1602 ut
1189 1558 1268 1624 opue

93 1654 167 1738 ipeo
189 1652 312 1717 soeculo
335 1652 445 1716 XI-
463 1675 524 1738 quo
548 1654 674 1739 quidem
697 1654 874 1739 expeditum
897 1674 970 1733 eeee,
994 1656 1060 1717 iam
1081 1677 1119 1718 eu
1139 1656 1267 1734 codicia,

94 1770 185 1833 cuiue
200 1790 299 1854 cupro
313 1770 427 1833 mentio
440 1768 537 1852 suctu
553 1782 605 1846 cet,
631 1781 729 1834 aetate
747 1770 949 1854 intelliqimue
966 1807 1007 1816 —
1024 1770 1153 1834 aliunde
1169 1793 1268 1857 proc·

93 1906 148 1948 eeu
172 1906 235 1948 non
254 1887 395 1971 potuerit
416 1884 507 1969 q‘fiei.
545 1886 721 1971 Eidemque
744 1888 847 1972 open'e
871 1888 956 1950 cnut
969 1886 1069 1968 fidem
1091 1885 1183 1972 offert
1204 1899 1270 1951 tuns

95 2000 277 2085 Reqietri
302 2000 426 2080 titulun
456 2023 472 2065 c
499 2004 619 2066 maiore
646 2024 779 2088 conpore
806 2002 993 2082 tronelotue,
1023 2015 1089 2068 tunc
1117 2003 1270 2068 librorum

94 2119 212 2180 annuae
234 2119 346 2202 epotiee
369 2119 676 2204 circumecciptooum
698 2119 866 2183 detinctio.

184 2233 230 2297 Et
250 2235 285 2296 in
309 2233 405 2297 libroe
429 2236 569 2319 quidem,
601 2256 712 2319 eoequc
739 2236 783 2298 ud
810 2237 995 2299 indictiones
1024 2236 1174 2321 diqeetoe,
1203 2237 1269 2298 iam

98 2346 249 2433 Greqooii
271 2349 295 2414 I
316 2362 451 2434 neqeunt,
481 2371 562 2435 quoe
588 2375 653 2416 unu
675 2363 747 2415 onte
772 2348 959 2437 Greqoriucn
981 2350 1050 2416 VII
1067 2352 1158 2438 plene
1180 2352 1269 2416 solvo

96 2465 265 2544 minetur,
296 2466 464 2530 dutributu
492 2488 555 2530 ecee
584 2469 714 2546 ocimum,
744 2479 780 2532 ut
808 2470 843 2531 in
872 2489 994 2553 quoqne
1017 2467 1098 2532 libro
1121 2470 1268 2553 temporie

96 2584 198 2644 annui
219 2580 339 2646 litterae
360 2583 434 2646 inde
455 2606 476 2646 o
490 2584 542 2648 die
558 2582 576 2647 1
593 2605 634 2645 oe.
653 2581 843 2668 septembrio
859 2585 903 2648 od
917 2584 1000 2647 diem
1014 2583 1057 2648 31
1072 2606 1114 2646 nu
1131 2584 1270 2669 Anqueti

97 2718 194 2782 neque
208 2700 351 2762 inescent.
390 2694 539 2784 Greqocii
555 2697 624 2763 VH
634 2710 737 2762 cutem
752 2700 838 2784 quod
847 2701 956 2785 periit,
973 2701 1139 2783 nequet—rum
1152 2702 1266 2778 moine,

99 2814 360 2899 quemadmodum
382 2836 397 2877 e
418 2817 538 2879 minore
567 2836 744 2878 ceneeocnue
775 2827 908 2902 oportet,
935 2836 996 2901 pen·
1019 2836 1118 2878 onnoe
1140 2813 1267 2900 pontifl-

99 2943 184 2994 cutue
206 2954 227 2995 a
250 2931 301 2993 die
323 2933 562 2995 coneecrutionie
587 2928 624 3011 (a
645 2932 696 2995 die
710 2931 754 2996 30
776 2954 817 2993 cn.
835 2931 938 2996 Iunii)
963 2932 1089 2994 initium
1111 2933 1268 3016 capientes

100 3047 233 3110 dieucum
256 3057 337 3126 erat,
367 3059 490 3132 eccepto
515 3059 544 3111 et
561 3050 670 3133 primo
694 3047 774 3111 libro
798 3047 952 3133 ampliore
974 3047 1013 3111 ub
1038 3046 1193 3111 electionis
1217 3048 1268 3111 dic

101 3160 135 3240 (a
156 3163 207 3226 die
229 3161 275 3227 22
295 3185 337 3226 ne
353 3162 494 3248 Apmlu)
519 3165 696 3228 exordientc
725 3175 754 3227 et
774 3165 942 3227 nooieeimo
967 3163 1047 3227 libro
1071 3163 1210 3228 breviore
1233 3165 1268 3227 in

100 3280 149 3341 lie
173 3280 284 3343 mortio
315 3277 366 3356 (in
394 3281 445 3343 die
467 3279 511 3344 25
533 3281 620 3344 Maii
641 3304 671 3344 o.
692 3278 793 3359 1085)
821 3281 995 3343 terminato.
1038 3278 1204 3364 Sequitur,
1233 3291 1269 3345 ut

100 3397 209 3459 amuei
233 3396 362 3480 reqietci
386 3397 517 3459 maiore
535 3395 664 3480 suerunt
698 3395 773 3459 libri
805 3395 984 3474 duodecim,
1018 3395 1093 3460 laec
1127 3408 1268 3482 temporo

100 3511 267 3598 compleuit

168 3650 192 3702 1.
211 3648 270 3704 Nec
288 3662 354 3702 vero
371 3647 442 3702 inste
459 3663 526 3703 usus
544 3648 631 3703 estin
650 3648 878 3703 commentatione
896 3665 923 3718 p.
936 3648 988 3702 403
1001 3649 1154 3704 willelmus
1172 3648 1266 3704 Giese·

101 3734 192 3792 brceht
209 3736 326 3807 epistola
344 3739 378 3791 16
395 3737 457 3792 libn'
469 3737 529 3806 Vll,
547 3736 595 3792 ubi
611 3736 712 3792 referre
731 3737 892 3805 Gregorium
911 3736 1033 3806 rebatur,
1053 3753 1086 3792 ea
1104 3739 1132 3792 in
1149 3739 1265 3807 registro

101 3827 199 3897 scripta
216 3841 286 3893 esse,
306 3840 375 3896 quae
393 3827 420 3880 in
439 3841 520 3895 opere
539 3831 648 3881 servato
667 3842 721 3880 non
739 3826 916 3895 reperientur.
946 3826 998 3896 „In
1016 3827 1132 3896 registro
1150 3825 1264 3881 nestro“

101 3916 167 3969 enim
191 3916 281 3984 inquit
304 3913 452 3984 Gregorius
473 3914 502 3969 in
526 3914 642 3984 epistole
663 3915 709 3968 illa
733 3914 769 3968 ed
793 3914 944 3969 Hubertum
968 3916 1125 3985 episcopum
1144 3915 1265 3969 Tervan-

101 4019 208 4059 nensem
227 4004 325 4059 misse:
350 4004 482 4073 „legitur,
500 4007 529 4057 te
547 4002 582 4057 ab
600 4002 745 4071 Hlnberto)
763 4003 844 4058 huius
862 4009 973 4058 senctee
992 4003 1065 4058 sedis
1083 4004 1173 4073 legato
1192 4002 1266 4073 apud

101 4093 317 4148 Honesteriolnm
335 4092 484 4147 hereticum
498 4091 606 4161 publice
618 4093 772 4147 convictum
782 4092 804 4147 “.
832 4092 911 4158 Quod
923 4092 1032 4162 quidem
1045 4093 1073 4146 in
1084 4093 1115 4146 L.
1125 4093 1165 4148 iv
1177 4107 1219 4162 ep.
1231 4093 1266 4147 10

101 4181 133 4236 nd
148 4183 260 4238 Adilam
278 4182 445 4236 comitissam
464 4195 559 4250 reapse
577 4181 713 4236 invenitur
731 4182 784 4236 sie:
805 4196 914 4252 „neque
926 4179 1042 4235 Huberti
1060 4179 1263 4235 archidiaconl“

100 4273 167 4340 (post
184 4271 319 4342 episcopi)
339 4269 440 4340 „verba
456 4269 611 4339 suscipiatis
625 4301 668 4338 -,
687 4271 759 4341 quia,
777 4276 808 4325 ut
822 4270 985 4338 audivimus,
1003 4270 1031 4323 in
1044 4268 1160 4324 heresim
1172 4271 1265 4340 lapsus

100 4367 138 4414 est
155 4391 188 4400 -
207 4366 236 4415 et
255 4359 291 4414 ab
309 4358 432 4414 Huberto
449 4359 540 4428 legato
559 4358 639 4414 huius
657 4363 768 4415 sanctae
786 4359 925 4415 Romanae
946 4359 1019 4414 sedis
1038 4359 1112 4430 apud
1130 4359 1264 4415 nonaste-

100 4449 190 4506 riolnm
206 4448 317 4522 publice
335 4454 379 4504 esi
396 4446 569 4504 convienrs¹‘.

1009 4543 1054 4604 1*
