3046 4980
236 280 257 348 8
592 293 758 344 ancona
779 294 828 341 vn
850 291 1048 344 nucssrnuss

235 462 357 506 morum
367 439 552 527 pontificum
567 451 648 503 tomo
664 437 726 502 III
736 436 936 517 549-885,
962 436 1082 501 Romae
1101 437 1136 499 in
1151 433 1279 499 aedilem
1289 435 1408 522 populi

236 558 378 623 Rmncni
398 554 495 622 1591.
534 552 622 635 Quae
644 555 770 640 quidem
793 555 904 632 editio,
937 552 1007 617 licet
1033 573 1098 616 non
1119 553 1161 615 sit
1182 553 1329 616 vinorum
1351 574 1405 616 ec-

231 695 323 761 pcrs‚
353 684 386 737 at
413 673 519 736 ceteris
547 670 656 736 saltem
684 669 775 756 lcnqe
797 681 950 756 praestat.
987 667 1173 753 Quicunque
1196 671 1277 733 enim
1295 681 1407 755 postea

234 789 453 878 proponebant
475 809 569 873 opus,
598 789 626 851 ii
648 809 767 867 omnes,
796 785 886 850 illam
913 806 1012 849 unam
1034 786 1198 849 editionem
1226 797 1281 850 aut
1303 787 1406 871 c‘qrsam

236 905 292 971 out
312 908 378 969 iam
399 906 562 990 repetitam
583 905 618 967 in
640 925 732 968 usum
754 923 845 966 suum
873 913 1094 981 convertentes,
1123 902 1272 967 mutando
1301 914 1405 966 mans-

226 1022 364 1108 ferendo
394 1020 560 1084 omittendo
589 1032 682 1104 atque
711 1020 803 1083 etiam
832 1018 1017 1104 corriqendo
1046 1021 1140 1103 quasi
1167 1021 1308 1083 attritum
1333 1018 1405 1083 diu-

236 1151 330 1204 anna
358 1137 541 1200 tractatione
570 1134 684 1200 librum
707 1135 920 1199 tradiderunt:
949 1135 1066 1199 Binius
1090 1156 1173 1198 anno
1196 1133 1285 1200 1606
1306 1134 1405 1199 Pori·

236 1256 293 1318 siis
322 1264 351 1317 et
378 1248 525 1316 Coloniae
554 1251 772 1338 Aqn’ppinae,
804 1248 944 1316 Concilio
971 1250 1133 1337 qeneralia
1165 1248 1202 1315 Τ.
1222 1248 1283 1314 III
1305 1250 1346 1315 P.
1368 1249 1411 1314 II

236 1369 379 1437 1154-
394 1366 484 1432 1278
490 1390 501 1444 ,·
538 1370 620 1453 reqii
656 1367 787 1431 editores
825 1389 909 1432 anno
947 1365 1036 1432 1644
1069 1366 1226 1445 Parisiis,
1266 1362 1407 1431 Concilio

241 1482 278 1550 Τ.
294 1482 417 1548 XXVI
433 1481 597 1560 8-520‚·
619 1482 763 1549 Labicus
786 1495 815 1548 et
833 1480 1008 1548 Cossartius
1031 1505 1114 1546 anno
1138 1480 1228 1547 1671
1251 1481 1405 1564 hemmae,

238 1598 449 1667 Sacrosancta
472 1599 606 1664 concilia
633 1598 670 1665 Τ.
686 1598 721 1664 Χ
741 1599 765 1666 6
771 1599 887 1666 -306
892 1624 903 1678 ,·
926 1599 1115 1666 Harduinus
1136 1620 1219 1662 anno
1235 1597 1406 1664 1711Ρα-

235 1718 333 1795 νίείὼ,
359 1715 442 1779 Acta
459 1715 663 1780 conciliorum
682 1714 719 1780 Τ.
738 1714 788 1780 VI
799 1716 838 1780 P.
852 1716 875 1781 I
886 1717 973 1783 1195
979 1715 1134 1791 -1510;
1158 1708 1308 1778 Coletius¹
1323 1736 1406 1781 anno

236 1831 325 1898 1728
345 1831 496 1908 Venetiis3
519 1831 632 1897 Mami
644 1854 728 1896 anno
744 1830 832 1897 1775
854 1831 997 1912 Venetia,
1016 1832 1189 1899 Sacrorum
1204 1831 1407 1896 conciliorum

237 1947 374 2014 collectio
402 1946 438 2012 Τ.
454 1947 522 2013 XX
544 1946 730 2022 60-373‚·
756 1947 867 2033 Miqne
888 1971 972 2012 anno
996 1947 1084 2014 1853
1105 1949 1261 2028 Pamin,
1288 1948 1406 2013 Patro·

237 2064 323 2151 loqia
350 2062 386 2128 Τ.
404 2061 587 2129 CXLVIII
602 2062 801 2129 283-644.

326 2181 484 2266 Equidem
498 2183 534 2245 in
547 2179 709 2245 recolendo
728 2175 877 2266 Creqorii
889 2183 1021 2265 reqistro
1036 2180 1111 2245 liaeo
1127 2181 1189 2246 duo
1210 2183 1408 2267 patescimam

237 2309 357 2361 secutas
386 2319 472 2376 sum,
507 2309 543 2361 ut
570 2308 598 2360 et
624 2298 803 2360 universum
832 2318 945 2383 corpus
973 2321 993 2361 a
1021 2318 1150 2361 numero
1184 2309 1213 2362 et
1241 2299 1351 2363 ordine
1381 2311 1409 2364 et

237 2414 442 2500 dispositione
465 2415 603 2498 capitum
625 2413 794 2476 secundum
816 2413 952 2477 codicem
973 2412 1064 2477 illam
1078 2415 1268 2478 restituerem
1290 2426 1319 2479 et
1340 2417 1407 2479 sin-

235 2529 313 2616 qula
328 2550 438 2593 rursus
451 2530 566 2614 capita,
584 2550 718 2613 qaorum
728 2530 971 2615 unumquodque
979 2532 1127 2615 primitus
1135 2531 1297 2616 peculiare
1301 2530 1409 2616 fuisse

238 2646 346 2732 liquet,
372 2658 400 2710 et
422 2669 442 2709 a
464 2647 549 2709 vitiis
565 2666 760 2726 removeren,
785 2658 936 2731 quantum
949 2646 1055 2732 ferret
1066 2646 1222 2732 facultas,
1246 2659 1274 2711 et
1295 2670 1409 2712 manca

237 2762 424 2850 supplerem.

326 2877 433 2963 Atque
448 2878 492 2942 od
506 2878 751 2963 coqnosceadum
767 2879 902 2943 codicem
924 2876 1110 2943 Vaticanum
1125 2901 1194 2943 cum
1208 2881 1274 2943 iam
1290 2881 1407 2966 oppido

237 2993 369 3059 multum
386 2993 563 3059 contulisset
582 2993 752 3057 Willelmus
770 2991 964 3060 Giescbreclst
986 2995 1067 3059 edito
1084 2994 1198 3075 libello,
1223 2998 1281 3081 qui
1293 2998 1407 3061 inscri-

238 3109 337 3176 litur:
368 3109 419 3173 De
444 3105 594 3195 Creqorii
613 3107 682 3172 VII
700 3111 831 3194 reqistro
855 3109 1062 3190 emendando,
1086 3110 1285 3199 Brunsoiqae
1307 3112 1406 3194 1858,

237 3237 273 3291 ut
293 3225 390 3290 multo
415 3228 507 3289 etiam
531 3224 721 3289 commodine
743 3223 914 3309 meliusque
941 3248 979 3290 en
1002 3228 1107 3291 eodem
1119 3227 1214 3313 fonte
1236 3228 1406 3310 haurirem,

238 3343 321 3407 &em
343 3344 393 3405 cir
414 3363 533 3404 mecum
550 3352 704 3426 perqrata
725 3341 948 3405 necessitudine
970 3346 1151 3409 coniunctus
1165 3347 1293 3430 reqistri
1307 3367 1407 3410 euent-

233 3457 337 3544 plum,
362 3458 448 3544 quod
463 3457 584 3522 Romae
606 3458 720 3542 oiqinti
733 3456 846 3521 abhinc
861 3480 960 3522 annos
984 3480 999 3522 e
1020 3458 1170 3525 Vaticano
1191 3463 1406 3546 castiqaoerat,

237 3573 318 3638 mili
333 3573 483 3660 praebuit
505 3573 732 3659 beniqnissime.
770 3572 839 3655 Quo
853 3574 981 3657 sactum
1004 3587 1047 3640 est
1061 3588 1104 3654 ut,
1129 3576 1270 3642 adlis'loe'ta
1285 3599 1409 3664 quoque

237 3692 382 3777 principe
406 3690 549 3768 editione,
573 3691 608 3753 in
631 3688 688 3754 loc
710 3687 921 3754 subsidiorum
941 3713 1054 3778 qenere
1075 3691 1157 3756 nihil
1169 3692 1406 3779 relinqueretur.

328 3804 395 3869 Nec
418 3827 489 3869 vero
513 3804 596 3869 alius
617 3808 740 3891 qeneris
763 3807 896 3888 ancilia,
921 3820 1009 3873 entra
1031 3811 1135 3895 ipsum
1150 3810 1316 3894 reqietrum
1337 3832 1407 3874 cer·

142 3979 144 3983 ,
238 3923 360 4000 sanda,
391 3921 502 4006 quibas
525 3922 575 3986 cel
596 3921 843 3987 macularentur
865 3923 915 3987 uel
936 3924 1132 4011 eaqolerentur
1154 3926 1280 4011 sinqula
1304 3929 1407 4013 operis

239 4040 360 4123 capito,
391 4037 567 4123 dq‘ecerunt
595 4040 736 4114 omnino;
766 4039 836 4104 licet
861 4042 965 4106 minor
993 4063 1099 4106 eorum
1124 4064 1271 4106 numerus
1290 4042 1406 4128 fuerit,

241 4175 335 4238 qaam
363 4154 587 4219 desiderabam.
627 4154 794 4219 Nonnulla
823 4157 904 4219 enim
931 4155 1060 4221 aliunde
1087 4178 1183 4243 quam
1210 4180 1248 4222 ec
1275 4161 1406 4245 reqistro

240 4281 340 4334 tracta
362 4272 427 4333 iam
449 4272 549 4356 iqrsias
572 4270 691 4335 saeculi
710 4269 768 4334 XI
784 4283 813 4335 et
833 4274 986 4358 sequentis
1008 4275 1174 4360 scriptores
1197 4275 1405 4357 tradiderunt,

310 4417 334 4470 1.
352 4415 432 4470 huius
450 4417 596 4471 editionem
615 4432 670 4472 non
687 4415 752 4473 vidi.
