3084 4980
447 289 614 339 onnaonn
636 294 684 340 vn
706 292 865 341 sacreum
885 295 912 342 11
927 294 965 343 sa.
980 294 1019 342 ss.
1256 283 1320 349 183

144 429 329 514 simoniace,
351 430 498 499 videlicet
519 453 577 519 per
598 434 812 503 interventum
834 437 996 523 pecuniae,
1019 444 1095 505 sunt
1114 441 1262 527 promoti,
1285 449 1321 510 ιιι
1357 449 1427 506 1076

145 544 263 631 absque
291 546 358 613 ulla
384 568 442 635 spe
470 552 716 637 recuperationis
745 552 958 639 deponantur,
988 554 1160 640 apostolica
1187 576 1321 626 censura
1336 521 1445 571 Hm

144 662 322 729 statuimus.
357 662 521 732 Monemus
544 667 651 753 itaque
674 672 716 753 to,
739 668 942 736 dilectissime
963 670 1062 737 frater
1077 676 1110 738 ιι
1123 673 1318 760 coepiscope,

144 778 241 844 immo
266 780 439 866 apostolica
461 782 519 849 tibi
543 783 729 851 auctoritate
752 785 973 872 praecipiendo
996 787 1201 854 mandamus:
1225 794 1261 855 ιιι
1282 794 1317 856 ιιι

143 895 176 960 in
199 894 317 962 diocesi
340 902 395 963 tna
409 898 596 965 simoniacos
616 901 743 966 omnino
759 901 914 987 deponas3
938 908 970 968 et
989 902 1232 970 fornicatoribus
1255 902 1317 971 cle-

142 1010 227 1097 ricis,
250 1012 313 1079 nisi
329 1033 348 1079 a
361 1013 568 1081 fornicatione
583 1015 793 1084 abstinuerint
806 1017 950 1104 praefata
964 1019 1156 1104 condicione,
1179 1017 1317 1085 officium

143 1133 174 1194 st
196 1127 383 1195 beneficium
406 1131 533 1217 penitus
548 1131 733 1215 interdicas;
758 1138 790 1200 et
805 1132 1019 1219 suffraganeos
1034 1139 1105 1200 tuos
1121 1134 1187 1201 sive
1202 1133 1316 1201 litteris

142 1243 205 1309 tuis
220 1244 287 1310 sive
302 1246 375 1312 visa
390 1267 465 1314 voce
481 1247 522 1313 ad
536 1253 568 1313 te
584 1254 781 1334 convocatos,
804 1255 840 1315 ut
854 1250 938 1316 idem
953 1250 1081 1334 faciant,
1105 1270 1229 1317 summa
1244 1270 1316 1317 cum

142 1359 306 1445 diligentie
319 1382 457 1430 moneas.
480 1363 566 1430 Data
576 1362 694 1432 Romae
709 1369 750 1432 10
761 1365 919 1432 Kalendas
930 1365 1062 1452 Aprilis,
1077 1366 1249 1434 indictione
1264 1369 1314 1434 13.

140 1567 170 1643 ss
191 1573 253 1645 63.
277 1575 414 1646 Gerasam
429 1580 538 1643 docem
556 1579 755 1666 Uagoeoram
771 1582 867 1662 docet,
889 1579 1048 1667 Uespasiae
1062 1603 1203 1668 regnam,
1221 1581 1314 1647 eccle·

274 1688 339 1750 sabe
352 1686 516 1751 Romanae
527 1688 707 1770 obsonium,
721 1711 785 1753 non
797 1689 906 1753 debere
917 1689 1000 1754 olias
1011 1684 1102 1774 regni
1115 1690 1185 1775 regi
1196 1689 1314 1767 sabico}

275 1792 475 1859 Salomonem
497 1817 600 1881 regem
623 1797 692 1860 ideo
716 1797 866 1860 (laedam
889 1818 961 1877 esse,
987 1797 1072 1882 qood
1093 1819 1157 1861 non
1178 1821 1200 1860 a
1210 1819 1313 1885 papo,

272 1902 327 1966 sed
353 1901 392 1966 ab
421 1902 573 1967 Heiasaco
603 1902 657 1968 IV
682 1924 755 1988 repe
781 1925 912 1989 requam
938 1905 1130 1990 suscepisset.
1177 1902 1314 1990 Legatos

272 2011 475 2074 continendae.

227 2139 397 2225 Gregorius
426 2142 591 2228 episcopus
620 2162 728 2209 seruus
763 2162 926 2209 servorum
953 2141 1015 2209 Dei
1043 2141 1146 2210 Genss
1174 2141 1313 2228 Ungarie
1349 2153 1420 2210 loco

138 2253 227 2324 duci¹
248 2257 383 2324 salutem
407 2263 438 2324 et
461 2257 668 2344 apostolicam
690 2258 949 2326 benedictionem.
1328 2227 1437 2276 Μ

225 2373 315 2440 Licet
336 2395 393 2461 per
415 2374 546 2460 legatos,
570 2395 649 2460 qnos
671 2375 794 2461 pridem
818 2373 858 2440 ad
872 2395 930 2441 nos
954 2374 1108 2460 direxisti,
1131 2375 1312 2442 miserimus

136 2491 193 2558 tibi
216 2489 355 2576 litteras,
386 2512 464 2576 quas
486 2492 627 2558 nondum
648 2497 680 2558 te
704 2491 817 2557 asseris
840 2491 1036 2578 percepisse,
1066 2491 1180 2557 iterum
1204 2497 1311 2558 tamm

136 2609 187 2694 pio
212 2607 353 2674 caritatis
378 2605 506 2691 affectu,
529 2629 592 2694 qua
614 2628 722 2674 omnes
747 2627 836 2691 reges
860 2612 891 2673 ιι
910 2608 1069 2694 principes
1092 2611 1129 2673 ιιι
1149 2605 1231 2672 filios
1255 2605 1311 2673 ad·

136 2744 310 2807 monemus,
333 2722 500 2789 scribimus
524 2724 564 2789 ad
587 2729 635 2806 ιι;
659 2723 873 2790 desiderantes
894 2722 954 2788 tibi
971 2742 1043 2788 cnm
1059 2721 1190 2806 institia,
1215 2741 1310 2806 qnae-

136 2859 269 2926 cumque
292 2845 366 2907 sunt
386 2839 515 2906 honoris
538 2845 571 2906 ot
586 2839 714 2924 gloriae.
748 2838 849 2905 Multa
871 2839 988 2925 quippe
1009 2837 1093 2904 bona
1116 2838 1154 2904 de
1175 2843 1208 2904 ιι
1230 2837 1310 2904 mihi

135 2956 236 3023 relata
257 2962 332 3023 sunt
355 2962 447 3042 atque
472 2977 510 3023 ex
534 2957 597 3023 tuis
621 2954 742 3022 actibus
764 2954 897 3021 honesta
919 2954 1005 3020 lama
1020 2954 1061 3019 ad
1077 2974 1168 3021 aures
1183 2959 1309 3022 nostras

135 3092 234 3158 usque
257 3074 410 3159 pervenit.
445 3072 506 3138 Pro
530 3072 644 3158 quibus
667 3070 827 3154 diligimus
851 3076 898 3153 te3
928 3075 960 3136 ιι
982 3070 1142 3156 cupimus,
1166 3075 1202 3136 nt
1223 3070 1309 3138 fama

135 3208 206 3254 cnm
227 3189 274 3255 rei
298 3188 431 3255 veritate
454 3209 578 3275 semper
602 3187 759 3255 ascendat.
799 3186 916 3253 Notum
940 3192 1046 3253 autem
1068 3186 1128 3253 tibi
1150 3206 1219 3254 esse
1241 3206 1309 3256 cre-

135 3304 248 3387 dimus,
272 3325 404 3387 regnum
419 3303 586 3389 Ungariae,
610 3305 692 3370 sicut
712 3308 744 3370 et
759 3303 823 3369 alia
836 3302 1034 3369 nobilissima
1047 3323 1155 3388 regna,
1178 3304 1212 3370 in
1235 3324 1308 3390 pro·

134 3421 203 3506 prie
225 3420 380 3487 libertatis
403 3425 489 3486 statu
511 3420 624 3487 debere
640 3440 719 3504 esse,
736 3424 768 3486 ιι
781 3417 861 3484 nulli
874 3418 942 3501 regi
958 3417 1088 3486 alterius
1103 3421 1193 3504 regni
1208 3420 1309 3487 subici

134 3537 194 3602 nisi
211 3540 339 3602 sanctae
355 3541 386 3602 et
400 3535 572 3602 universali
586 3536 682 3602 matri
697 3535 857 3601 Romanae
873 3534 1037 3619 ecclesiae;
1056 3557 1136 3622 qnae
1151 3536 1308 3604 subiectos

133 3672 195 3718 non
218 3651 314 3718 habet
336 3658 372 3718 ut
394 3672 511 3737 servos,
536 3652 591 3718 sed
614 3658 649 3718 nt
670 3651 751 3718 filios
772 3651 905 3738 suscipit
919 3652 1092 3719 universos.
1128 3651 1217 3731 Quod
1233 3653 1308 3737 qnia

133 3769 383 3852 consanguineus
405 3764 495 3835 tuus'
520 3789 539 3834 a
560 3789 633 3853 rege
648 3763 847 3853 Teutonico⁵,
871 3788 935 3834 non
951 3767 1124 3835 aRomano
1148 3767 1305 3853 pontifice,

131 3885 315 3972 usurpative
338 3885 484 3969 obtinuit,
507 3885 681 3951 dominium
704 3885 782 3969 eius,
805 3889 841 3950 ut
863 3883 1037 3967 credimus,
1060 3883 1201 3948 divinum
1223 3881 1306 3949 iudi·

131 4001 213 4068 cium
236 4001 413 4088 impedivit.
449 3999 527 4067 Cum
550 4022 624 4067 vero
648 4022 698 4067 res
713 4002 748 4066 in
762 3999 908 4067 manibus
923 3999 987 4065 tuis
1002 3998 1054 4082 sit,
1077 3997 1302 4065 hortamurte:

130 4125 167 4186 nt
184 4119 357 4187 intentam·
374 4118 458 4184 circa
471 4117 618 4185 ecclesias
633 4139 742 4186 curam
756 4116 884 4200 habeas,
907 4115 991 4183 circa
1011 4113 1197 4199 religionem
1219 4134 1305 4180 sum·

242 4235 248 4246 '
265 4235 332 4281 terim
349 4253 362 4281 c

200 4249 266 4367 ini
287 4312 354 4381 regi.
463 4312 488 4366 2.
513 4308 643 4368 Salomon
665 4327 715 4367 rex
737 4309 882 4380 Ungariae.
910 4305 952 4365 Cf.
976 4322 1018 4380 ap.
1037 4310 1072 4364 13
1094 4323 1179 4380 supra
1199 4325 1228 4380 p.
1242 4309 1303 4366 lar.

129 4402 156 4457 3.
179 4400 307 4456 Heinrico
324 4401 373 4456 IV.
