3046 4980
321 242 487 290 eunocum
511 245 557 289 vn
580 243 766 290 aursuouau
789 244 1106 292 conuncupatur.
1234 229 1300 296 553

127 385 301 452 testimonii
314 385 410 468 uiros,
429 385 468 450 Α.
482 385 601 451 scilicet
613 383 843 451 Goslariensem
856 385 1020 471 decanum,
1038 384 1301 470 Gtebebardum)¹
1323 395 1393 450 1019

126 500 266 567 Bertaldi
290 497 397 566 ducis’
410 500 522 585 filiurn,
546 501 585 567 H.
604 500 746 585 sigifridi
769 503 893 568 comitis
915 501 1025 587 filium,
1050 524 1183 588 quorum
1201 525 1299 569 uuum
1317 465 1401 526 (Μ’)

127 637 177 682 me
211 618 423 703 praecipiente
458 623 490 683 et
523 619 739 683 consentiente
772 619 878 702 eligite
908 625 940 684 et
967 620 1001 684 in
1030 620 1299 706 archiepiscopum

127 735 384 820 praenominatae
414 733 583 799 aecclesiae
612 733 765 800 ordinate.
813 733 847 800 Si
874 755 948 800 uero
977 736 1010 800 in
1039 735 1088 800 bis
1115 735 1217 802 tribus
1246 736 1301 821 qui

127 849 240 932 dignus
263 850 305 914 sit
328 870 391 915 non
413 851 532 935 poterit
554 850 705 933 inveniri,
734 851 768 915 in
791 851 977 917 contritione
1000 851 1103 918 cordis
1126 852 1246 918 orando
1269 858 1302 918 et

125 965 294 1031 ieiunando
324 965 363 1031 ad
387 966 489 1032 Deum
519 966 754 1049 convertimini,
783 971 946 1051 rogantes,
974 974 1025 1051 ut,
1057 989 1115 1035 sna
1141 968 1300 1035 reuelante

126 1082 238 1164 gratia,
261 1101 406 1168 persona,
431 1103 511 1166 quae
534 1082 607 1148 huic
623 1083 749 1166 negotio
765 1083 808 1148 sit
823 1084 1020 1168 conveniens,
1044 1085 1146 1170 possit
1160 1085 1298 1165 ostendi3

126 1196 185 1263 boc
206 1197 316 1284 procul
339 1197 433 1263 dubio
458 1200 602 1281 scientes
626 1199 701 1283 quia
725 1200 807 1265 sicut
821 1198 921 1281 illum,
945 1201 998 1284 qui
1015 1200 1134 1266 ambitu
1150 1200 1300 1267 secularis

126 1313 286 1399 potentiae
314 1314 492 1380 inordinate
518 1315 699 1396 intraverit,
727 1315 853 1382 uinculo
876 1316 1207 1382 excommunicationis
1231 1316 1300 1382 alli-

126 1428 222 1512 gabo,
249 1430 295 1494 ita
318 1450 441 1514 quoque
464 1452 552 1515 eum,
577 1432 630 1516 qui
654 1432 802 1497 canonice
825 1431 1034 1497 intronizatus
1057 1432 1162 1516 fuerit,
1186 1452 1205 1497 a
1226 1451 1299 1518 pec·

126 1546 204 1611 catis
228 1545 355 1611 absolvo
379 1552 410 1612 et
433 1547 608 1633 apostolica
629 1547 845 1614 benedictione
869 1547 1028 1613 benedico.

127 1757 189 1828 27.
211 1761 389 1845 liudolfum
410 1784 513 1848 sepem
537 1775 565 1826 et
589 1761 732 1829 Senones
755 1764 800 1825 ad
816 1765 1086 1848 perseverantium
1109 1763 1298 1829 cohortatur.

214 1877 266 1942 De
288 1880 409 1963 synodo
433 1880 550 1943 addit’.

215 1998 384 2084 Gregorius
406 2002 572 2087 episcopus
588 2021 696 2066 servus
712 2021 874 2066 servorum
890 2000 950 2067 Dei
965 2001 1100 2067 Rodnlfo
1115 2003 1183 2086 regi
1198 2003 1299 2068 omni·
1324 2007 1393 2060 1079

125 2116 246 2202 busque
269 2137 375 2182 secum
397 2118 431 2183 in
453 2137 550 2200 reguo
567 2115 727 2182 Saxonum
751 2117 1032 2201 commanentibus,
1054 2124 1120 2183 tam
1142 2119 1299 2206 episcopis
1318 2077 1402 2137 (Μ)

126 2252 221 2317 qnam
244 2232 374 2299 ducibus
398 2239 430 2299 et
446 2232 614 2299 comitibus
630 2251 766 2297 necnon
783 2233 955 2300 maioribus
971 2242 1003 2301 et
1018 2234 1203 2319 minoribus,
1227 2255 1299 2322 peo-

124 2354 268 2415 catorum
291 2349 520 2415 absolutionem
543 2353 575 2414 et
597 2347 803 2433 apostolicam
827 2349 1086 2416 benedictionem.

215 2464 295 2530 Cum
308 2465 432 2531 Veritas
453 2466 526 2550 ipsa
541 2464 638 2530 dicat:
664 2464 814 2545 omnium,
839 2466 893 2548 qui
910 2470 1039 2550 propter
1057 2465 1213 2531 iustitiam
1228 2486 1300 2552 per·

124 2580 317 2647 secutionem
340 2582 514 2666 patiuntur,
536 2598 670 2662 regnum
694 2599 763 2644 esse
786 2576 972 2662 coelorum⁸,
996 2585 1028 2647 et
1051 2580 1212 2666 apostolus
1236 2581 1299 2647 cla-

123 2700 205 2762 met:
228 2697 397 2780 neminem,
420 2698 481 2762 nisi
505 2696 560 2783 qui
576 2695 717 2778 legitime
734 2695 911 2779 certaverit,
934 2716 1027 2781 posse
1044 2693 1217 2780 coronari⁴,
1241 2718 1297 2763 no·

123 2811 190 2895 lite,
214 2811 271 2878 filii
294 2813 367 2894 mei,
391 2813 425 2878 in
447 2813 516 2896 hoc,
541 2814 595 2896 qui
617 2833 673 2878 vos
696 2813 761 2878 iam
783 2811 884 2877 multo
902 2818 1044 2898 tempore
1060 2813 1209 2896 exagitat,
1233 2813 1299 2880 bel·

123 2927 185 2995 lico
207 2929 313 2995 furore
337 2928 483 3009 deficere3
507 2929 605 2996 nolite
627 2948 684 3015 per
700 2927 795 2994 ullius
810 2927 949 2993 fallentis
963 2948 1118 3014 personae
1133 2930 1299 2995 mendacia

124 3045 164 3111 de
192 3050 301 3110 nostro
328 3043 414 3110 fideli
444 3046 599 3111 adiutorio
631 3044 784 3111 dubitare.
820 3043 883 3110 Sed
909 3045 1011 3127 magis
1033 3044 1211 3130 magisque,
1239 3066 1298 3132 pro

122 3160 242 3228 tuenda
264 3161 396 3227 veritate
420 3161 646 3243 ecclesiastica,
677 3180 736 3246 pro
759 3159 955 3226 defendenda
977 3165 1102 3226 vestrae
1124 3161 1298 3228 nobilitatis

122 3276 285 3360 libertate,
313 3276 415 3343 labori
444 3279 509 3343 iam
537 3278 630 3343 citius
656 3275 794 3342 finiendo
821 3276 1008 3360 incumbite,
1039 3282 1071 3343 et
1099 3297 1139 3343 ex
1166 3277 1299 3344 aduerso

124 3393 322 3460 ascendendo
345 3413 400 3460 vos
424 3399 456 3459 et
478 3413 611 3480 corpora
632 3397 738 3458 vestra
761 3392 851 3476 quasi
873 3413 999 3458 murum
1020 3413 1077 3478 pro
1093 3392 1186 3459 domo
1201 3393 1299 3461 Israel

124 3506 301 3596 opponere⁶
328 3510 472 3592 satagite.
513 3508 613 3586 Quidb
636 3509 698 3574 iam
729 3509 762 3573 in
790 3507 911 3573 duabus
940 3508 1042 3574 sinodi
1070 3515 1197 3575 nostrae
1224 3528 1298 3576 con-

123 3625 324 3692 ventionibus
352 3625 391 3691 de
419 3646 492 3707 rege
514 3624 649 3691 Rodulfo
679 3629 710 3690 et
740 3624 779 3689 de
802 3623 950 3690 Heinrico
979 3628 1133 3690 statutum
1162 3623 1298 3708 quidque

122 3741 168 3808 ibi
198 3741 237 3807 de
265 3761 343 3827 pace
366 3746 399 3808 et
421 3741 588 3807 concordia
610 3741 700 3823 regui
724 3740 820 3806 etiam
842 3740 1027 3805 iuramentis
1052 3741 1094 3805 sit
1117 3738 1297 3823 diffinitum,

121 3877 181 3944 per
203 3863 329 3923 nostras
351 3856 473 3922 litteras
497 3863 529 3922 et
551 3877 608 3942 per
630 3860 769 3922 uestros⁰
784 3855 916 3938 legatos,
939 3856 1001 3920 nisi
1024 3855 1105 3922 forte
1123 3855 1208 3939 capti
1224 3855 1297 3937 sint,

122 3973 323 4060 apertissime
345 3963 477 4059 potestis
496 3993 674 4056 agnoscere.
708 3971 752 4038 Et
768 3971 795 4037 si
811 3970 886 4055 quid
903 3971 1005 4037 adhuc
1019 3971 1217 4055 remanserit,
1239 3990 1298 4057 per

192 4111 213 4144 ι.
236 4100 330 4159 Lagitur
351 4095 374 4153 1)
393 4113 431 4155 up.
443 4099 568 4142 brunonem
585 4098 613 4141 dr
629 4098 688 4141 tene
704 4097 770 4149 Sum,
787 4098 851 4140 Mon.
865 4099 937 4141 Germ.
949 4097 991 4143 SS.
1007 4096 1031 4142 V
1043 4096 1096 4152 879,
1113 4093 1136 4152 2)
1153 4098 1176 4141 s’a
1192 4095 1300 4141 (1ᾰαὶνίιί

121 4176 222 4224 notens.
235 4177 287 4222 ced.
303 4193 341 4234 ορ,
356 4176 483 4222 Becardum
501 4178 568 4233 corp.
584 4176 634 4222 tiss.
648 4177 673 4221 11
689 4176 741 4222 156.
818 4173 841 4219 b.
858 4172 974 4232 Quidquid
990 4176 1012 4220 2.
1090 4189 1109 4220 o.
1125 4176 1217 4220 nosnos
1233 4175 1256 4219 2.

195 4256 219 4308 1.
239 4258 336 4323 postea
354 4253 393 4306 111
412 4269 454 4321 cp.
471 4252 707 4307 constantiensem
725 4251 943 4317 (1084-1110).
1034 4253 1059 4306 2.
1079 4253 1091 4306 1
1110 4251 1188 4306 ducis
1207 4251 1298 4305 Zarin·

122 4342 193 4411 giae.
267 4343 293 4395 3.
311 4340 446 4410 naono,
460 4342 504 4395 10.
575 4340 601 4394 4.
621 4339 770 4394 2Τίωο111.
784 4339 850 4408 2,b.
921 4341 946 4392 5.
965 4339 1066 4395 Ezeob.
1080 4341 1161 4410 13,5.
